3832 6126
103 263 198 312 nuere
219 263 408 312 remnants
491 240 495 245 ’
789 238 849 315 211
1541 242 1585 308 Vl
1607 247 1643 306 51

919 337 971 347 ...-

102 428 230 495 ¹sellabant
254 429 283 481 in
304 443 387 482 cansa
410 428 517 483 caduci:
544 429 585 482 vel
611 430 717 482 mortno
742 428 794 482 iam
847 433 881 482 fo
914 427 1039 482 sentimt
1081 425 1128 479 Sin
1151 432 1240 480 autem
1263 427 1383 494 legatarii
1401 426 1441 481 vel
1464 424 1648 480 fideicommis-

102 512 118 549 e
143 496 195 549 boc
219 496 292 564 qnod
317 497 440 550 relictum
465 503 506 549 est
536 496 691 561 deficiebat,
723 496 795 563 quod
845 496 908 550 sarii
934 495 988 549 sint
1011 494 1052 547 vel
1076 494 1169 547 monis
1193 510 1276 548 causa
1299 494 1440 549 donatione
1461 493 1585 547 honorati
1606 492 1649 547 rel

102 571 133 616 ta
156 579 222 618 voce
245 564 375 617 caducum
399 563 611 631 nuncupabatur.
650 565 683 617 In
708 565 794 633 primo
844 564 898 618 alia
920 563 989 618 forte
1011 576 1138 629 persona,
1165 578 1232 630 quae
1255 562 1456 616 fideicommiaso
1480 559 1649 630 praegravari

102 630 200 695 ordine,
223 631 269 685 nbi
287 647 336 700 pro
354 648 408 685 non
426 631 534 699 scriptis
551 631 736 685 efficiebantur
754 647 794 695 ea,
844 638 940 698 potest,
959 640 986 684 et
1004 631 1055 683 hoc
1073 636 1227 692 evanescat,
1253 646 1360 684 manere
1383 632 1433 684 boe
1450 629 1522 698 apud
1540 644 1648 683 enumc-

101 698 197 752 ersonis
220 699 274 752 iam
296 704 359 753 ante
376 704 563 753 testamentum
581 700 694 753 mortuis
711 703 794 753 testa·
844 706 918 752 ratas
942 713 1070 768 personas
1096 697 1230 750 sancimus
1253 715 1302 765 pro
1324 698 1391 751 virili
1413 695 1562 751 omnimodo
1585 712 1648 764 por·

102 774 184 831 asset,
202 772 333 821 statutum
350 767 451 825 fuerat.
470 774 500 820 ut
517 782 549 820 ea
566 768 654 821 omnia
670 774 795 820 maneant
844 772 859 817 9
895 768 975 831 tione,
992 766 1020 819 id
1038 771 1079 818 est
1094 781 1144 844 pro
1161 781 1272 818 numero
1289 781 1472 833 personarum.
1502 764 1543 818 Ne
1559 773 1649 817 autem

102 851 132 912 ts,
149 838 183 887 a¹
202 835 299 903 quibus
316 835 425 889 fuerant
441 834 582 899 derelicta,
606 836 656 888 nisi
674 835 794 888 vacuatis
843 834 904 897 boc,
928 834 999 901 quod
1021 849 1075 886 non
1092 833 1256 899 ineleganter
1274 834 1369 886 summi
1386 832 1483 913 ingenii
1500 832 1540 884 tir
1557 832 1649 900 Ulpia·

101 906 210 956 strtntna
227 903 384 982 suppositus
401 903 443 956 vel
466 904 624 956 coniunctus
642 902 730 956 iuerat
746 901 793 955 ad·
844 917 895 955 nna
921 901 949 954 in
974 901 1026 955 bac
1048 906 1125 968 parte
1150 916 1210 954 cum
1237 901 1308 954 omni
1335 901 1482 954 subtilitate
1508 899 1649 979 disposuit,

101 986 125 1022 s:
152 976 218 1023 tnnc
246 985 316 1022 enim
339 986 395 1024 non
420 970 588 1032 deficiebant,
614 971 661 1023 sed
683 971 719 1024 ad
734 969 794 1024 illos
844 976 1035 1037 praetereatur,
1060 973 1153 1021 nostra
1176 969 1313 1022 sanctione
1337 969 1387 1022 boo
1409 968 1527 1088 apertius
1544 967 1649 1020 induci-

101 1039 193 1101 ebant,
220 1037 294 1091 nullo
320 1038 471 1104 gravamine
495 1038 547 1091 nisi
570 1054 680 1105 perraro
698 1038 725 1091 in
743 1038 794 1090 hoc
844 1044 879 1090 aa
912 1053 981 1090 mus.
1017 1036 1083 1090 Cum
1107 1035 1175 1088 enim
1198 1037 1250 1088 iarn
1272 1036 1415 1089 statuimus
1450 1051 1576 1090 asceam
1594 1035 1649 1088 suia

101 1121 177 1158 vnon
195 1105 296 1185 scripto
314 1107 534 1183 superveniente.¹
560 1105 637 1172 Quod
657 1113 685 1159 ct
701 1110 795 1159 nostra
845 1104 973 1186 oneribus
994 1104 1029 1157 ad
1053 1103 1181 1181 euquui
1203 1105 1322 1181 lucretur
1338 1103 1484 1183 pervenire,
1507 1103 1649 1183 sancimus,

101 1173 795 1308 fatuas0⁸:1¹?qttrlfflutlltiitiftttltait
845 1169 1651 1360 {futilitatisblillirstltlssftffiiassttl

112 1376 229 1429 secundo
246 1392 309 1429 vero
331 1375 436 1440 ordine,
463 1377 490 1428 in
517 1392 569 1443 quo
593 1392 625 1429 ea
647 1381 795 1439 vertuntur,
845 1375 962 1442 positum
986 1379 1037 1435 est,
1064 1375 1088 1428 si
1113 1374 1219 1493 3111111111
1243 1372 1295 1427 boc
1322 1381 1349 1427 et
1371 1389 1419 1441 per
1441 1322 1651 1442 glitimqiinpilenri

101 1461 109 1495 1
133 1459 215 1497 caum
238 1443 333 1496 caduci
358 1444 415 1497 fieri
442 1444 625 1511 contingebat,
651 1451 727 1497 vetus
752 1443 795 1496 ius
845 1443 943 1510 possit,
967 1441 1046 1494 simili
1069 1457 1111 1494 mo
1131 1456 1147 1494 o
1170 1445 1198 1494 et
1220 1456 1237 1494 a
1257 1441 1378 1494 lucrante
1395 1441 1516 1508 agnosci,
1539 1445 1606 1508 puta
1627 1441 1651 1495 si

101 1518 152 1564 ntes
170 1512 305 1565 sancimus
324 1526 369 1577 ea,
411 1527 462 1566 nae
483 1513 521 1565 ita
544 1511 693 1574 evenerint,
716 1510 796 1564 simili
845 1511 977 1564 honorata
993 1524 1108 1577 persona
1125 1509 1250 1563 iubeatur
1266 1509 1380 1562 insulam
1395 1509 1437 1563 vel
1450 1512 1651 1563 monumentum

112 1579 190 1632 ruodo
208 1594 314 1632 manere
331 1528 410 1647 apudl
422 1594 482 1642 eos,
504 1594 521 1631 a
544 1580 641 1646 quibus
665 1585 729 1632 sunt
749 1577 795 1630 de·
846 1579 886 1631 vel
907 1577 981 1631 aliud
1004 1578 1057 1630 tale
1078 1577 1134 1631 suis
1157 1576 1307 1646 sumptibus
1329 1576 1419 1631 facere
1436 1577 1477 1631 vel
1501 1576 1592 1631 heredi
1609 1577 1651 1630 vel

122 1646 233 1700 heredes
256 1646 326 1700 forte
348 1647 389 1699 vel
412 1646 554 1714 legatarios
576 1646 617 1700 vel
642 1646 723 1707 alios,
751 1645 796 1711 qui
846 1645 973 1712 legatario
996 1645 1037 1697 vel
1060 1645 1105 1701 alii
1127 1643 1211 1707 forte,
1234 1659 1311 1710 quem
1332 1649 1445 1698 testator
1468 1644 1650 1708 volueritve}

101 1715 191 1768 inraso
209 1715 315 1782 gravari
332 1722 453 1782 possunt,
469 1715 519 1767 nisi
537 1721 563 1767 st
579 1714 608 1766 in
622 1714 796 1766 bunceasnm
846 1728 901 1766 rem
924 1713 958 1767 ab
981 1711 1096 1766 herede⁶
1117 1711 1253 1764 testatoris
1271 1727 1357 1765 emere
1374 1712 1414 1765 vel
1432 1711 1591 1765 locationem
1609 1712 1651 1764 sel

101 1782 218 1835 nstitutus
241 1782 282 1834 vel
309 1782 468 1835 coniunctus
495 1797 541 1835 eos
567 1781 721 1835 antecedat:
748 1780 796 1834 sed
846 1779 1040 1833 fideiussionem
1059 1779 1162 1843 subire,
1186 1785 1214 1832 et
1236 1779 1258 1831 si
1282 1779 1345 1846 quid
1362 1779 1514 1832 huiusmodi
1531 1779 1596 1833 facti
1614 1780 1651 1832 si·

103 1865 241 1918 personas,
265 1849 362 1917 quibus
387 1850 489 1902 lucrum
512 1865 560 1918 per
583 1849 655 1902 hunc
676 1847 795 1902 ordinem
845 1848 906 1901 mile
923 1848 970 1901 sit:
995 1847 1060 1901 nibil
1077 1848 1174 1900 etenim
1192 1848 1287 1909 refert,
1311 1848 1366 1900 sive
1383 1861 1432 1914 per
1449 1863 1523 1911 eum,
1546 1846 1580 1900 de
1597 1864 1650 1914 quo

101 1933 120 1977 .·,
145 1932 191 1970 eas
215 1917 295 1969 etiam
313 1932 456 1983 gravamen
473 1917 544 1994 qnod
562 1916 596 1970 ab
614 1916 690 1970 initio
709 1915 797 1969 fuerat
845 1920 959 1969 testator
984 1916 1091 1968 locutus
1114 1922 1167 1977 est,
1195 1915 1250 1967 sive
1272 1930 1320 1982 per
1341 1914 1423 1968 alium
1445 1914 1563 1969 eiusdem
1582 1913 1650 1968 lucri

101 2001 155 2036 rum
173 1983 322 2037 omnimodo
341 1985 447 2045 sentire,
466 2000 520 2038 save
537 1985 564 2037 in
579 1983 667 2038 dando
682 1984 717 2037 sit
731 1999 795 2037 con-
846 1990 878 2036 ilc
919 1997 1100 2037 successorem
1125 1981 1325 2102 adimpleatur.t
1354 1981 1402 2035 Sin
1419 1983 1578 2103 amomi}
1595 1990 1652 2102 test

1210 2064 1242 2102 ac
1277 2064 1418 2113 naura,n
1445 2066 1497 2117 qno
1529 2065 1651 2102 recum

102 1309 201 1376 accipit
227 1308 358 1361 custodiri
383 1310 411 1361 in
433 1324 510 1362 ornae
533 1324 627 1362 aarum
644 1308 794 1361 valiturum.
846 1306 877 1360 1111
912 1322 1066 1374 agnoscere.
1103 1305 1150 1359 Sin
1173 1311 1262 1359 antem
1285 1307 1313 1359 in
1335 1307 1422 1359 facien

101 2069 111 2104 r
135 2052 240 2105 sivein
263 2052 423 2119 quibusdam
448 2051 577 2105 faciendis
600 2052 640 2104 vel
664 2051 692 2104 iu
717 2050 795 2104 modo
846 2052 986 2105 verborum
1004 2050 1143 2118 conceptio
1157 2055 1185 2102 et

101 2119 211 2173 dicionis
229 2119 377 2187 implendae
394 2120 480 2186 gratia
496 2120 537 2172 sel
559 2119 612 2172 alia
629 2133 796 2187 quacumque
845 2125 887 2172 est
910 2119 945 2172 ab
966 2117 1019 2171 alio
1041 2117 1178 2186 adimpleri
1195 2133 1250 2170 non
1267 2117 1362 2184 possit,
1384 2123 1456 2182 tunc,
1480 2116 1531 2171 etsi
1548 2117 1651 2170 lucrum

101 2188 233 2253 agitatum.
270 2187 445 2254 nequeenim
469 2185 594 2240 ferendus
621 2193 661 2240 est
686 2187 724 2250 is,
751 2186 796 2254 qni
845 2186 880 2239 ad
897 2186 1012 2254 aliquem
1029 2184 1191 2253 pervenerit,
1216 2200 1271 2237 non
1292 2192 1381 2238 umen
1403 2191 1431 2239 st
1449 2199 1591 2251 gravamen
1609 2200 1651 2238 se·

111 2255 215 2321 quidem
232 2255 409 2323 amplectitur,
427 2271 496 2307 onus
513 2260 603 2308 autem
621 2255 647 2308 ci
664 2254 796 2307 adnexum
845 2254 905 2321 qui,
932 2254 995 2321 quia
1020 2253 1072 2306 hoc
1096 2266 1183 2320 neque
1208 2252 1269 2320 ipsa
1294 2259 1391 2306 natura
1417 2251 1540 2306 concedit
1565 2269 1583 2305 n
1619 2269 1652 2306 ne

101 2322 192 2375 emnit
219 2322 250 2375 In
269 2323 410 2376 novissimo
426 2328 516 2376 antem
531 2322 654 2381 articulo,
673 2322 718 2374 ubi
733 2337 795 2389 pro·
845 2328 959 2375 testator
975 2320 1095 2374 voluerit.
1131 2318 1194 2387 quid
1212 2320 1295 2381 enim,
1319 2321 1342 2374 si
1365 2320 1472 2374 iusserit
1489 2335 1549 2373 eum
1567 2320 1593 2373 in
1622 2336 1650 2373 o-

100 2389 166 2443 duca
183 2390 292 2452 fiebant,
310 2389 456 2444 secundnm
474 2390 547 2457 qnod
564 2389 751 2457 praediximus,
769 2395 796 2441 ct
846 2405 907 2442 cum
930 2395 1032 2441 certum
1055 2388 1130 2440 abire
1152 2386 1193 2439 vel
1216 2387 1370 2441 liberalibus
1394 2387 1488 2442 studiis
1510 2388 1593 2441 imbui
1610 2388 1652 2440 vel

112 2457 211 2510 tabulis
243 2463 298 2510 mm
329 2458 443 2511 existere
472 2458 582 2511 heredes
610 2473 690 2524 quam
716 2472 796 2524 prosse
845 2456 950 2510 domum
975 2456 1032 2508 suis
1054 2455 1176 2508 manibus
1199 2461 1321 2508 extruere
1338 2456 1379 2508 sel
1399 2455 1510 2522 pingere
1527 2455 1567 2508 vel
1584 2471 1651 2509 uxo·

102 2524 142 2577 ive
160 2541 193 2576 ex
229 2533 288 2578 arte
306 2525 360 2578 sint
377 2525 432 2578 sive
450 2540 483 2578 ex
501 2541 561 2580 asse
578 2525 708 2587 instituti,
734 2540 795 2578 cen·
845 2539 902 2577 rem
928 2523 1042 2576 ducere?
1085 2537 1155 2590 quae
1186 2523 1275 2575 omnia
1307 2522 1444 2576 testatoris
1474 2523 1598 2576 voluntas
1623 2523 1652 2576 in

100 2598 122 2645 et
140 2593 196 2645 dies
210 2541 361 2670 iegaterum
378 2601 405 2646 et
420 2592 684 2646 fideicommissorum
700 2607 795 2644 secun·
845 2590 930 2660 ipsius
947 2590 1030 2644 solius
1047 2605 1163 2658 persona
1180 2589 1340 2657 intellegitur
1357 2590 1534 2655 conclusisse,
1557 2591 1601 2643 cui
1624 2594 1652 2644 et

100 2659 138 2713 ‚od
156 2659 335 2727 praeduximus
353 2675 370 2712 a
388 2666 472 2713 morte
490 2660 609 2714 defuncti
624 2659 730 2712 cedere:
749 2659 795 2712 be·
846 2658 882 2712 ad
915 2672 991 2711 suam
1016 2657 1226 2711 munificentiam
1251 2657 1426 2725 relinquebat.
1471 2657 1503 2709 ln
1529 2657 1652 2712 omnibus

100 2743 127 2779 m
153 2729 265 2791 etenim,
292 2728 343 2781 nisi
369 2727 449 2781 fuerit
471 2727 553 2791 adita,
579 2727 724 2780 transmitti
746 2742 796 2780 nec
845 2726 968 2779 videlicet
984 2725 1037 2779 hoo
1054 2724 1199 2788 obtinente,
1218 2728 1248 2777 ut
1261 2741 1308 2793 pro
1324 2724 1404 2778 simili
1417 2732 1495 2792 parte
1508 2729 1536 2779 et
1548 2724 1651 2778 lucrum

107 2794 292 2848 concedebant
308 2810 359 2849 nco
377 2812 425 2849 nos
443 2796 567 2862 patimur,
589 2795 707 2873 exceptis
725 2795 796 2847 vide·
845 2795 962 2848 sentiant
978 2799 1006 2847 et
1022 2808 1170 2861 gravamen,
1188 2793 1234 2848 nbi
1248 2792 1300 2845 boc
1314 2793 1401 2860 possit
1415 2791 1567 2860 procedere,
1586 2793 1650 2845 sub·

100 2863 357 2940 verorumpersonis,
372 2863 515 2930 dequibus
531 2862 719 2916 Theodosiana
735 2861 796 2915 1012
846 2867 877 2915 lle
911 2864 981 2914 eant
1016 2860 1055 2913 Et
1071 2860 1122 2914 boc
1139 2861 1226 2913 locum
1243 2859 1342 2913 habere
1361 2859 1555 2927 omniquidem
1572 2858 1650 2912 modo

100 2930 238 2983 iniusmodr
256 2931 344 2984 causis
368 2931 476 2984 inducta
494 2930 624 2997 loquitur:
648 2930 690 2982 his
714 2928 796 2982 nihilo
845 2930 873 2982 in
890 2928 945 2994 bia,
967 2942 1037 2996 quae
1060 2928 1088 2980 in
1111 2942 1193 2980 causa
1216 2927 1309 2981 caduci
1327 2927 1367 2981 vel
1385 2926 1488 2980 caduca
1505 2926 1652 2980 secundnm

102 3013 171 3064 qnae
189 3013 221 3049 su
257 3015 271 3050 r
288 2998 337 3061 bis,
359 2998 404 3077 qui
421 2998 598 3051 deliberantes
616 2997 650 3050 ab
668 2996 719 3049 bac
736 2996 796 3050 luce
846 2994 917 3064 quod
934 3010 1018 3064 supra
1034 2994 1134 3049 dictum
1151 3000 1193 3049 est
1209 2995 1322 3048 fiebant:
1346 2995 1374 3048 iu
1397 3011 1446 3062 pro
1470 3010 1524 3048 non
1543 2995 1652 3063 scriptis

100 3069 127 3129 ,1,
151 3080 168 3117 a
190 3081 223 3117 no
244 3066 266 3118 is
292 3072 438 3118 constituta
464 3067 552 3123 aunt‘.
578 3066 605 3118 in
628 3079 677 3118 suo
699 3063 796 3118 roboro
844 3068 935 3117 autern
961 3079 1016 3117 non
1041 3063 1175 3128 omnibns,
1202 3062 1249 3116 sed
1275 3062 1444 3130 quibusdam,
1471 3062 1534 3129 quia
1559 3077 1651 3117 eorum

102 3134 181 3185 suris.
208 3132 391 3185 Libertatibus
401 3132 586 3200 proculdubio
601 3138 628 3185 et
642 3137 703 3200 post
717 3147 795 3199 prae·
845 3131 989 3199 quaedam,
1011 3131 1062 3185 etsi
1078 3130 1143 3184 talia
1161 3137 1235 3194 sunt,
1258 3135 1346 3184 umen
1364 3145 1424 3183 cum
1442 3145 1491 3183 suo
1509 3144 1589 3184 onere
1606 3143 1650 3184 ve·

110 3200 276 3253 sanctionem
299 3206 410 3268 propter
433 3201 476 3252 sui
494 3205 630 3261 naturam,
652 3213 722 3266 quae
738 3198 795 3251 adi·
845 3199 963 3260 niebant,
981 3213 1049 3265 quae
1066 3202 1095 3251 et
1111 3212 1160 3252 nos
1177 3198 1205 3251 in
1223 3198 1283 3252 nori
1300 3197 1366 3252 iuria
1382 3197 1573 3265 compositione
1590 3212 1651 3266 ape·

112 3268 217 3321 heredis
243 3272 381 3336 expectat,
408 3268 443 3320 ab
469 3266 542 3320 adita
569 3266 716 3320 hereditate
742 3281 796 3319 una
846 3265 948 3319 cialiter
972 3265 1121 3319 enumerari
1147 3265 1287 3331 iussimus,
1320 3280 1354 3318 ue
1380 3264 1438 3333 quis
1465 3264 1560 3319 ueteris
1586 3264 1652 3318 iuris

102 3336 133 3394 is,
157 3350 225 3402 quae
243 3335 325 3387 servis
344 3335 372 3387 in
391 3339 550 3388 testamento
567 3334 737 3388 manumissis
754 3334 796 3388 vel
845 3334 1025 3402 prolixitatem
1042 3334 1119 3401 quasi
1137 3332 1218 3386 rebus
1237 3333 1415 3386 necessariam
1433 3333 1474 3386 vel
1491 3348 1540 3400 pro
1559 3347 1651 3386 eorum

100 3403 235 3468 elegatis
261 3402 354 3455 relicta
376 3407 453 3466 sunt,
480 3402 698 3471 competentibus.
740 3401 795 3454 Er·
848 3406 878 3454 10
913 3402 1031 3454 revolvat
1048 3400 1167 3454 scientia.
1203 3399 1252 3455 liis
1270 3401 1307 3453 ita
1329 3400 1457 3465 defiuids,
1482 3415 1543 3453 cnm
1559 3399 1588 3453 in
1605 3416 1650 3455 su·

100 3470 171 3523 etiarn
194 3486 245 3522 usn
270 3469 372 3532 fructu,
396 3470 442 3537 qni
459 3470 501 3522 sui
518 3476 616 3523 natura
633 3468 667 3522 ad
684 3469 796 3522 heredes
845 3467 950 3536 periore
974 3474 1053 3549 parte
1078 3472 1186 3521 nostrae
1214 3468 1360 3522 sanctionis
1385 3467 1413 3522 in
1438 3467 1561 3535 plurimis
1584 3468 1652 3522 locis

100 3538 109 3590 i
135 3537 279 3589 transmitti
306 3553 360 3589 non
386 3537 488 3605 patitur
510 3542 539 3591 ct
561 3552 647 3605 neque
670 3551 687 3589 a
710 3543 795 3590 morte
846 3535 982 3589 coniuncti
995 3535 1106 3590 fecimus
1120 3536 1288 3598 mentionem,
1305 3535 1484 3589 necessarium
1499 3551 1558 3589 esse
1573 3535 1651 3589 duxi·

100 3606 124 3658 ia
151 3621 236 3682 neque
261 3604 296 3656 ab
323 3604 397 3657 adita
426 3604 580 3663 hereditate,
607 3610 735 3724 guantum
761 3604 796 3657 ad
845 3618 904 3655 mus
926 3618 1029 3656 omnem
1051 3603 1243 3671 inspectionem
1266 3603 1417 3657 huiusmodi
1440 3603 1547 3656 articuli
1570 3603 1651 3657 latius

99 3672 290 3729 nsmissronem.
309 3672 365 3724 dies
382 3672 439 3725 eins
457 3671 535 3725 cedit.
570 3673 605 3725 Sc
646 3672 714 3725 baec
736 3671 795 3740 qni·
844 3677 955 3724 etcum
978 3670 1116 3723 subtiliore
1134 3675 1252 3724 tractatu
1269 3670 1404 3733 dirimere,
1426 3677 1458 3722 nt
1477 3671 1513 3723 sit
1529 3671 1651 3725 omnibus

99 3740 151 3792 ruia
165 3741 193 3791 in
207 3739 248 3792 his
262 3740 398 3794 observari
414 3740 547 3793 sancimus
563 3739 795 3807 secundumprae-
849 3744 897 3790 itta
936 3744 964 3791 et
994 3737 1046 3790 boo
1078 3737 1244 3816 apertissime
1270 3738 1452 3792 constitutum.
1494 3737 1555 3791 Non
1582 3740 1651 3791 enim

99 3807 303 3876 lispositionem,
327 3822 395 3874 qnae
419 3822 486 3874 pure
503 3808 544 3860 vel
560 3807 588 3860 in
606 3807 675 3860 diem
693 3813 795 3860 certum
845 3812 950 3858 tantum
968 3805 1135 3858 coniunctius
1152 3806 1231 3858 ruodo
1246 3805 1375 3884 quaedam
1389 3805 1585 3873 relinquuntur,
1603 3805 1651 3859 sed

99 3880 133 3928 ita
150 3874 259 3928 fuerint.
288 3875 441 3927 sinautem
459 3874 558 3941 aliquid
576 3874 626 3927 sub
639 3874 795 3929 condicione
845 3871 926 3926 etiam
943 3871 1110 3925 dmuncdvo.
1145 3873 1174 3925 in
1191 3872 1233 3925 bis
1250 3878 1354 3939 itaque,
1380 3872 1524 3939 siqnidem
1543 3873 1650 3926 cohere-

99 3949 154 3995 atur
180 3943 221 3995 vel
247 3942 349 3995 casuali
375 3943 417 3994 vel
449 3942 610 4009 potestativa
635 3942 678 3994 vel
703 3942 793 4003 mixta,
845 3939 891 3993 des
909 3948 973 3994 sunt
989 3955 1081 3992 omnes
1100 3940 1261 3992 coniunctim
1279 3939 1320 3992 vel
1343 3954 1434 3993 omnes
1456 3941 1606 3993 disiunctim
1623 3945 1651 3994 et

120 4014 232 4063 eventus
255 4025 287 4062 ex
304 4011 414 4062 fortuna
431 4010 470 4062 vel
488 4025 520 4062 ex
537 4009 685 4062 honoratae
702 4023 793 4077 perso·
845 4009 887 4065 vel
904 4006 1018 4061 instituti
1035 4007 1077 4061 vel
1094 4007 1242 4070 substituti,
1260 4007 1320 4069 boc,
1339 4006 1410 4074 quod
1427 4007 1509 4061 fuerit
1525 4010 1650 4087 quoquo'

99 4082 194 4130 nnete
211 4077 251 4129 vel
275 4092 307 4130 ex
332 4082 445 4143 utroque
463 4077 591 4144 pendeat,
615 4076 657 4129 vel
680 4077 731 4130 sub
753 4077 793 4129 in·
845 4075 922 4128 modo
940 4080 1095 4136 vacuatum,
1118 4075 1142 4127 si
1159 4075 1280 4194 Ἥκω
1297 4074 1452 4128 hereditatis
1470 4074 1510 4127 sel
1527 4075 1651 4142 parabus

99 4160 126 4204 e,
145 4152 287 4212 expectare
301 4151 408 4213 oportet
422 4144 585 4197 condicionis
598 4149 728 4207 eventum,
743 4145 794 4197 sub
845 4142 988 4206 consistat,
1012 4141 1071 4195 aliis
1094 4143 1176 4196 cobar
1220 4142 1270 4196 bus
1288 4158 1347 4195 cum
1366 4158 1415 4195 suo
1432 4143 1584 4209 gravamine
1600 4158 1650 4210 pro

99 4213 139 4266 uit
157 4212 320 4274 derelictum,
337 4212 378 4264 vel
397 4211 478 4274 diem,
499 4220 529 4264 ut
546 4218 610 4265 tnnc
629 4210 714 4274 cedat,
734 4228 794 4264 cum
844 4210 1005 4264 hereditaria
1021 4213 1112 4277 parte,
1137 4209 1239 4262 etiamsi
1262 4211 1315 4262 iam
1333 4209 1451 4263 defuncti
1469 4217 1539 4274 sunt,
1557 4208 1649 4278 adqui-

99 4280 193 4334 vndicio
219 4279 362 4346 impleatur
383 4279 423 4332 sel
450 4279 507 4332 dics
530 4279 649 4332 incertus
666 4278 792 4332 extiterit.
847 4277 893 4331 lob
928 4281 1012 4330 ratur.
1052 4277 1090 4329 at
1112 4277 1163 4330 boc
1186 4279 1232 4330 et³
1254 4277 1406 4331 nolentibus
1432 4277 1490 4344 ipso
1517 4277 1575 4330 iuro
1602 4277 1649 4330 ad·

116 4348 144 4400 in
161 4347 247 4399 medio
265 4347 302 4409 is,
326 4346 371 4413 qui
388 4362 421 4399 er
439 4350 598 4400 testamento
615 4346 718 4400 lucrum
736 4362 793 4401 sor·
845 4351 962 4409 crescat,
986 4344 1010 4398 si
1033 4360 1097 4398 suas
1121 4345 1256 4413 portiones
1277 4345 1330 4398 iam
1353 4345 1515 4411 agnoverint,
1538 4345 1650 4398 sumsit

100 4420 126 4478 t,
149 4413 262 4467 decedat
278 4413 319 4467 vel
339 4429 370 4467 eo
388 4415 534 4482 superstite
552 4412 672 4467 condicio
689 4413 793 4467 defecc-
844 4412 989 4466 absurdum
1007 4411 1124 4465 eiusdem
1141 4411 1296 4466 hereditatis
1313 4420 1416 4480 partem
1433 4412 1538 4480 quidem
1552 4427 1648 4481 agnos·

99 4503 110 4544 2,
129 4481 200 4602 {uod
217 4481 275 4534 ideo
293 4497 347 4534 non
365 4482 526 4549 praevaluit,
549 4496 657 4534 manere
674 4481 793 4549 disponi·
844 4494 912 4544 cere,
938 4485 1041 4548 partem
1067 4495 1129 4534 vero
1151 4495 1285 4549 respuere,
1312 4479 1458 4533 secundum
1479 4479 1550 4546 qnod
1572 4483 1600 4532 et
1620 4481 1649 4533 in

99 4549 151 4601 mi·
173 4548 418 4617 modoapudcos,
440 4549 576 4617 aquibus
599 4549 720 4602 relictum
743 4555 793 4613 est,
844 4547 939 4601 divinis
968 4547 1054 4600 nostri
1084 4547 1199 4601 numinis
1231 4547 1411 4601 decisionibus
1441 4554 1572 4600 statutum
1597 4553 1648 4601 est.

101 4617 144 4670 hio
162 4617 206 4670 nel
223 4616 382 4669 substitutus
401 4617 522 4670 relictum
537 4616 655 4684 accipiat
671 4615 712 4669 vel
728 4632 793 4669 con·
846 4619 894 4667 lde
928 4615 976 4668 Sin
1001 4630 1064 4668 vero
1090 4615 1196 4682 qnidam
1225 4631 1257 4669 ex
1283 4615 1426 4668 heredibus
1451 4614 1582 4668 institutis
1607 4615 1649 4668 vel

119 4685 174 4737 sire
197 4684 274 4737 heres
292 4685 346 4736 sive
363 4683 506 4750 legatarius
524 4684 576 4737 boc
592 4684 643 4738 sibi
660 4682 792 4751 adquirat,
844 4680 995 4735 substitutis
1013 4683 1137 4750 permisti
1160 4689 1223 4736 srrnt
1245 4686 1273 4737 et
1289 4682 1335 4735 alii
1352 4680 1514 4737 coniunctim
1531 4681 1577 4735 alii
1594 4681 1648 4735 dis-

99 4751 132 4804 rti
149 4751 215 4804 iuris
233 4752 269 4805 sit
285 4758 313 4804 et
329 4751 357 4804 in
374 4751 586 4804 institutionibus
608 4758 635 4804 ct
656 4751 749 4819 legatis
766 4761 794 4803 et
843 4748 954 4802 iunctim
979 4751 1126 4817 nuncupati
1152 4750 1241 4815 sunt⁹,
1268 4749 1291 4803 si
1314 4749 1419 4817 quidem
1442 4764 1475 4802 cr
1499 4749 1649 4803 coniunctis

99 4819 199 4872 nmusis
226 4824 254 4872 et
279 4819 371 4872 mortis
396 4834 479 4872 causa
502 4819 690 4872 donationibus
714 4833 793 4886 posse
844 4816 941 4884 aliqum
958 4817 1075 4877 deficiat,
1097 4818 1149 4870 hoc
1172 4816 1321 4872 omnimodo
1343 4817 1378 4870 ad
1399 4816 1471 4870 solos
1491 4817 1668 4871 coniunctos

99 4887 173 4940 vdtni.
213 4886 266 4939 Sed
293 4894 322 4939 ut
344 4886 540 4948 manifestetur,
565 4901 616 4953 pro
639 4900 693 4953 qua
735 4893 794 4940 arte
844 4900 906 4937 cum
922 4899 972 4939 suo
990 4885 1079 4938 veniat
1096 4900 1189 4949 onere,
1212 4885 1240 4938 id
1264 4892 1307 4938 est
1322 4901 1372 4963 pro
1389 4889 1467 4952 parte
1483 4884 1648 4966 heuneus,

112 4958 218 5023 oportet
235 4954 294 5013 hoc,
313 4954 384 5021 quod
398 4954 479 5007 fuerit
493 4953 633 5014 defectum,
651 4902 793 5032 spuifeos,
847 4951 897 5004 lod
930 4967 998 5030 quae
1019 4951 1054 5005 ad
1067 4966 1121 5030 ,eos
1144 4952 1272 5021 peruenit.
1308 4951 1354 5005 Srn
1371 4957 1459 5006 autem
1478 4968 1510 5006 ex
1527 4952 1578 5015 his,
1602 4968 1649 5020 qur

98 5038 136 5075 ons
158 5022 194 5076 sit
216 5021 383 5086 derelictum,
410 5021 557 5084 sancimus,
584 5020 608 5074 si
648 5020 735 5074 uidem
758 5020 793 5073 ad
844 5019 996 5073 dbinnctrm
1021 5020 1115 5088 scripti
1146 5025 1223 5082 sunt,
1255 5019 1290 5073 ali
1309 5021 1351 5074 uis
1360 5021 1382 5053 ¹⁰
1412 5024 1569 5082 evanescat,
1596 5020 1649 5073 boc

116 5090 220 5142 lucrum
238 5090 381 5156 perveniat,
399 5104 448 5157 pro
485 5096 543 5142 arte
560 5088 608 5141 ber
650 5088 720 5141 taria
736 5088 794 5141 fieri
843 5101 898 5140 non
921 5086 956 5139 ad
981 5087 1053 5142 solos
1081 5087 1242 5154 disiunctos,
1266 5035 1313 5140 aad
1336 5087 1371 5140 ad
1392 5103 1484 5141 omnes
1507 5093 1562 5140 tem
1583 5102 1646 5142 con-

98 5157 297 5215 stributionem,
324 5172 385 5208 curn
408 5161 474 5209 eta
516 5156 581 5223 ipsis
605 5155 684 5208 simili
706 5155 783 5209 modo
843 5154 949 5208 iunctos
975 5170 1055 5222 quam
1081 5154 1229 5210 disiunctos
1258 5154 1377 5208 similiter
1405 5171 1466 5207 cum
1492 5170 1542 5208 sno
1568 5170 1648 5209 onere

100 5231 163 5289 sset,
181 5230 371 5292 praestaretur,
389 5224 440 5276 nisi
458 5223 612 5276 nominatim
630 5224 664 5275 ab
682 5238 735 5276 uno
751 5197 793 5276 vei
846 5226 892 5275 loc
925 5237 975 5288 pro
995 5222 1119 5289 portione
1144 5222 1298 5276 hereditatis
1323 5223 1468 5302 perveniat.
1510 5221 1584 5276 Haec
1610 5223 1649 5275 ita

98 5291 273 5347 isberedibns
288 5291 522 5345 fueratrelictum:
541 5290 792 5358 tuncenim,qnem·
843 5292 897 5342 tam
929 5289 1014 5354 varie,
1043 5290 1105 5358 quia
1134 5289 1269 5344 coniuncti
1294 5289 1399 5356 quidem
1424 5294 1534 5358 propter
1559 5290 1647 5343 unita·

98 5376 130 5414 rm
153 5361 225 5414 solus
243 5360 284 5412 vel
307 5359 357 5413 soli
374 5360 562 5428 praestabant,
585 5358 624 5411 ita
644 5363 672 5411 et
687 5359 792 5412 lucrum
842 5362 896 5410 tem
914 5356 1042 5411 sermonis
1060 5357 1136 5426 quasi
1159 5358 1186 5412 in
1207 5374 1289 5410 unum
1307 5373 1405 5426 corpus
1422 5357 1524 5411 redacti
1540 5365 1604 5412 sunt
1621 5365 1649 5411 et

100 5471 640 5482 —-—.———-.--.-.-A..-—-—--
1026 5474 1116 5480 .---
1126 5474 1216 5480 .—-—
1241 5472 1380 5481 0--.--—-.
1531 5474 1559 5478 —

98 5531 208 5591 ,oraC
280 5532 438 5593 11)6,51,1
514 5531 547 5592 (11
563 5531 599 5579 sic
616 5525 661 5588 lii,
682 5527 792 5591 migran·
842 5525 874 5576 ud
892 5527 1007 5578 herodem
1025 5529 1050 5578 11
1117 5525 1268 5592 (11111111,
1290 5531 1434 5592 quoqueC,
1457 5527 1647 5591 quodqueR‘?

98 5598 231 5662 migrantes
248 5597 286 5648 12⁰
338 5601 509 5661 (116,1ο,11
566 5597 599 5658 (5)
616 5599 652 5646 aie
669 5597 735 5656 dett,
752 5611 791 5645 ce·
843 5597 961 5658 (alati),
978 5597 1057 5647 om.R
1108 5598 1142 5658 (a)
1160 5597 1452 5660 anntdisunttunoR
1502 5593 1646 5659 (rotrudi,

98 5665 153 5728 Ιο,
174 5665 264 5715 cedant
280 5665 319 5716 rel
336 5681 392 5715 cnm
409 5667 435 5717 11
518 5666 553 5728 (a)
577 5663 609 5714 ab
625 5663 740 5714 heredem
764 5664 792 5726 0,
841 5661 938 5727 aliquid
959 5664 1019 5725 011,

1413 5749 1445 5800 311
