3832 6126
124 301 170 350 DE
189 301 344 353 niceam
364 301 526 354 ransom

423 473 616 535 xxxxvln.

317 574 365 625 DE
382 574 541 626 mennam
558 572 731 625 Pensatum.

122 745 134 792 t
157 668 398 775 1²[Aslnoupoiwp
420 670 608 728 Ἰουστινιανὸς
627 676 691 739 A.]¹
715 711 748 728 ..
766 712 773 728 .
791 711 798 727 .
816 711 824 727 .
840 672 931 728 Incor-

135 755 264 889 ¹ls‘sssnl
280 779 332 863 ‘iat
358 808 446 943 uffo
468 810 571 910 ,γράῃει
602 805 617 894 e}
647 804 933 930 ililorniffioloppnnore

188 894 541 1016 τπδνπιοιδλοῆιδικδμλλλδθάν
558 875 933 1014 αθδῷμλάτάλιμπλάνιιήηλδν

189 1008 337 1132 δηλοέννότιξ1
357 1009 405 1066 οῦκ
421 1011 555 1133 mlum
572 1008 655 1098 αῦτοῦ
674 1011 848 1132 κλήρονῃμεῐν
861 1009 887 1097 ,ἢ
909 1013 934 1109 ελ

139 1083 154 1133 ²
187 1101 293 1227 λζεφα
317 1098 480 1218 τόλμαις,
498 1098 933 1221 ἷῖλθιξλλῗλλρῖιλῗῖλὲλλήῖ

189 1218 235 1298 {nl
258 1234 309 1288 γαρ
328 1213 426 1300 τοῦτον
447 1218 498 1297 τήν
519 1219 566 1297 ron]
590 1213 722 1299 ὀνόματος
744 1213 825 1269 αὐτοῦ
841 1221 934 1295 χρείαῃ

139 1354 154 1403 ³
188 1281 347 1403 αναπλῃροὲ
365 1305 382 1371 ῃ
406 1303 511 1402 γαρτηρ
536 1307 552 1351 η
581 1304 679 1381 τουτυον
705 1290 828 1393 γερουσα,
848 1288 933 1368 καλε

189 1370 288 1470 πατήρ.
346 1373 373 1402 αι
392 1372 443 1438 περ
471 1372 613 1472 ταινθπρορ
631 1353 706 1473 arga}
722 1372 777 1471 τοὲι
795 1369 932 1471 σιγῃεῃεσι

189 1439 260 1499 ιρατα
286 1439 472 1502 μπανομενοιν
497 1440 531 1472 κα
600 1441 652 1489 ομα
672 1440 689 1471 α
715 1438 874 1501 φιηικομμσ
893 1440 933 1471 ων

189 1507 206 1551 η
230 1484 367 1558 ληγατοιν,
391 1489 415 1540 εί
457 1487 520 1553 ῆέν
538 1488 656 1558 ἑκατέρῳ
674 1509 759 1559 καιρῳ
779 1488 935 1569 (τυχονίτῆς

188 1552 338 1620 τελευτῆςθ)
362 1509 485 1626 εῦρεθλίη
511 1575 551 1609 τις
568 1554 702 1628 συγγενής,
724 1552 791 1610 άλλδ
809 1558 839 1607 ἐν
855 1575 933 1624 μονῳ

189 1623 230 1688 τῷ
253 1626 338 1693 καιρῷ
357 1624 404 1690 τῆς
420 1621 541 1690 τελευτῆς
561 1625 694 1705 έπιτεγθῃ
715 1622 933 1695 ῆέγκυμονῆται.

507 1693 520 1704 Q

137 1694 154 1743 4
185 1686 223 1741 Ἦ
244 1690 291 1741 ἐὰν
308 1696 363 1744 τοῖς
386 1693 416 1742 έν
434 1712 520 1811 καιριῃ

544 1689 677 1757 διαθήκης
697 1696 834 1763 συγγενέσι
853 1711 932 1743 κατα-

190 1756 280 1829 λείιμῃ,
306 1758 475 1824 έπιτεχθῶσι
519 1763 533 1810 i
557 1763 651 1831 leopos,
680 1766 742 1828 περὶ
769 1749 809 1812 ῶν
836 1763 866 1810 έν
892 1760 932 1824 τῷ

138 1830 153 1878 5
190 1822 372 1878 διατίθεσθαι
395 1823 442 1878 οῦκ
468 1823 636 1895 ἐνεθυμήθη.
677 1833 732 1880 Καὶ
755 1829 779 1880 el
801 1823 816 1880 ὁ
839 1824 933 1879 διαθέ-

188 1911 268 1959 μενος
298 1896 365 1946 πᾶσι
395 1900 450 1947 τοῖς
480 1900 635 1967 συγγενέσιν
660 1893 742 1949 αὐτοῦ
769 1893 933 1963 καταλείψει,

189 1963 248 2014 πῶς
265 1957 296 2013 oi
315 1961 383 2014 κατὰ
399 1962 514 2031 βαθμὸν
531 1959 594 2015 οάδέ
611 1961 679 2015 κατὰ
696 1961 775 2025 τάξιν
793 1960 834 2015 δεῖ
850 1961 933 2014 καλεῖ·

138 2034 153 2081 6
190 2029 260 2080 σθαι
277 2029 337 2082 τοῦς
354 2046 404 2101 συγ
422 2036 495 2095 ενεῖς,
513 2026 579 2083 ἀλλά
597 2027 708 2084 πάντας.
749 2035 804 2082 Kal
822 2032 846 2082 εἰ
863 2030 933 2083 εἴποι

188 2102 243 2149 τοῖς
269 2098 299 2160 ἐξ
322 2051 470 2151 domelinae
494 2097 664 2167 καλουμένοις
687 2104 825 2170 συγγενέσι
850 2096 934 2164 δοθῆ·

138 2169 152 2218 λ
190 2185 248 2227 ναι,
274 2171 345 2218 τίνες
371 2165 524 2219 καλοῦνται.
570 2171 624 2218 Καὶ
651 2171 711 2237 περὶ
738 2169 795 2229 τοῦ,
822 2165 869 2219 ἐάν
894 2183 935 2219 τις

190 2237 245 2284 τοῖς
277 2230 354 2286 ἰδίοις
385 2231 577 2304 ἀπελευθέροις
605 2230 768 2306 ληγατεόσῃ,
800 2239 870 2287 τίνες
900 2233 934 2286 τά

139 2306 153 2354 8
190 2297 293 2370 ληγάτα
309 2299 486 2369 λαμβάνουσι.
522 2308 577 2354 Καὶ
599 2304 623 2354 el
640 2306 753 2374 γενικῶς
772 2301 935 2373 ληγατεόσας

189 2372 257 2421 πᾶσι
284 2376 339 2422 τοῖς
363 2367 555 2441 ἀπελευθέροις
582 2375 611 2422 ἐν
637 2374 671 2442 τῆ
700 2368 819 2441 διαθήκῃ
847 2366 934 2422 ι’δικόν

189 2436 284 2507 ἔτερόν
307 2458 334 2489 τι
357 2437 508 2510 καταλειίμῃ
533 2443 677 2509 πρεσβεῖον
696 2444 749 2491 τοῖς
773 2443 802 2490 έν
825 2439 857 2511 τί
878 2435 933 2490 δια·

190 2503 264 2577 θήκῃ
288 2500 370 2558 αὐτοῦ
393 2504 623 2578 ἐλευθερωθῶσιν
642 2503 657 2572 ῆ
682 2509 711 2557 ἐν
732 2459 934 2569 κωδικέλλοιςῆ

139 2578 154 2626 9
190 2579 235 2626 καὶ
253 2571 269 2625 ά
289 2571 393 2645 palpare,
416 2580 446 2626 τί
476 2580 577 2626 'trenna
619 2578 673 2626 Kal
697 2579 758 2655 περί
780 2576 837 2637 τοῦ,
860 2574 884 2624 el
901 2574 934 2645 τῆ

189 2594 306 2712 popello
320 2594 498 2714 καταλειφθῇ
507 2646 660 2712 πρεσβεῖον,
677 2640 715 2710 μῆ
728 2640 857 2694 υπάντων
874 2657 934 2712 συγ·

188 2711 279 2781 γενῶν
301 2705 318 2774 ῆ
340 2712 463 2781 γαμβροῦ
485 2706 635 2781 ῆνῦμφης,
659 2711 718 2764 πῶς
741 2708 887 2762 καλοῦνται
909 2707 937 2760 οἱ

188 2773 378 2846 άπελεῦθεροι.

126 2852 154 2899 10
190 2842 269 2897 τἘάν
294 2861 334 2897 τις
359 2842 375 2910 ἢ
400 2846 433 2916 τῇ
461 2844 519 2915 ιἐρᾷ
545 2841 686 2918 συγκλήτῳ
712 2843 729 2911 ἢ
752 2843 935 2929 βουλειτηρίῳ

123 2911 226 2967 πόλεως
249 2909 266 2979 ἢ
289 2909 364 2974 τάξει
387 2908 588 2986 δπηρετουμένῃ
611 2919 670 2969 ταῖς
692 2912 819 2987 μεγαλοις
844 2908 936 2984 άρχαῖς

125 3054 153 3116 (t)
176 3052 291 3104 Ouiocius
308 3052 333 3102 in
352 3051 413 3102 libro
432 3053 535 3116 quodam
554 3052 617 3103 lane
635 3053 813 3103 adnotationem
832 3052 937 3102 invenit:

124 3121 167 3170 iste
185 3118 276 3168 titulus
293 3134 369 3168 annm
393 3119 597 3170 constitutionem
614 3119 690 3169 hnbet
707 3119 840 3168 iustiniani
858 3122 935 3169 totam

123 3202 244 3252 meeum,
258 3202 322 3251 quae
336 3192 405 3238 tenet
416 3186 477 3237 folin
489 3191 553 3250 octo,
563 3187 590 3237 id
599 3190 635 3237 ost
644 3187 833 3250 quaternionem
848 3201 934 3236 annm.

122 3267 251 3323 praeterea
272 3274 344 3306 unam
361 3256 438 3307 solnm
456 3258 644 3307 constitutionem
663 3257 707 3305 λοι
728 3257 795 3307 titrtlo
817 3255 937 3307 contineri

125 3335 225 3376 testetur
243 3323 343 3375 Nomos.
362 3325 386 3386 2,
404 3335 422 3387 1,
447 3343 545 3391 eamque
562 3323 698 3375 Iustiniani
720 3342 770 3374 εειε
793 3326 937 3390 sipnifieant

124 3393 182 3444 luet
203 3393 227 3457 2,
247 3402 283 3455 to,
302 3402 341 3442 tt:
368 3391 411 3441 sul
434 3407 479 3442 neo
502 3390 645 3442 huiusmodi
667 3391 760 3456 speeies
780 3391 882 3456 penitus
899 3393 936 3442 est

124 3461 175 3510 sino
192 3459 261 3510 insta
279 3459 450 3510 emendatione
468 3459 598 3522 derelicta,
622 3476 679 3510 eum
703 3460 730 3509 in
748 3463 833 3510 nostro
851 3458 935 3510 oodioo

926 276 990 351 ta

1681 277 1726 346 Vl
1747 274 1788 340 48

1020 472 1079 521 ταῖς
1101 470 1132 519 έν
1154 467 1292 535 ἐπαρχίαις
1316 459 1333 529 ῆ
1355 466 1396 531 τῷ
1418 465 1477 518 τῶν
1500 463 1603 536 ἰατρῶν
1625 457 1641 531 ἢ
1662 457 1788 515 διδασκά·

981 488 1039 590 λων
1063 532 1079 602 ἢ
1102 532 1260 606 συνηγόρων
1281 538 1425 601 σοιματείῳ
1453 528 1469 599 ἢ
1495 537 1549 585 τοῖς
1571 528 1750 616 στρατιώταις
1772 523 1790 613 r}

980 599 1151 673 όμοτέχνοιςο
1174 600 1190 668 ἢ
1212 606 1268 654 τοῖς
1291 599 1422 672 κληρικοῖς
1443 595 1568 666 ἢάπλῶς
1584 595 1736 666 οιῳδήποτε
1751 616 1789 682 μη

981 669 1190 744 ἀπηγορευμένα)
1212 674 1358 737 σωματείῳ
1381 666 1531 740 καταλείψῃ
1554 688 1595 731 τι,
1618 668 1735 756 έρριοται
1757 683 1789 746 ²2

982 737 1180 810 καταλειφθέν·
1204 742 1249 788 καὶ
1273 738 1297 790 εἰ
1319 739 1370 805 μέν
1392 732 1485 790 ἁπλῶς
1508 736 1554 789 τοῦ
1580 749 1748 803 συστήματος
1771 750 1789 798 n

982 804 1116 879 τάγματος
1138 802 1329 874 μνημονεόσει,
1353 800 1451 858 πάντες
1473 801 1636 858 ἀπαιτοῦσιν
1652 801 1679 856 ολ
1701 804 1731 854 έν
1747 801 1788 853 τ’

982 877 1067 946 καιρῷ
1092 876 1139 940 τῆς
1161 872 1283 940 τελευτῆς
1306 870 1388 925 αὐτοῦ
1411 867 1592 943 εὑρισκόμενοι
1615 873 1645 923 έν
1666 870 1707 937 τῷ
1729 885 1763 922 συ

983 943 1054 1015 λόγῳ
1079 947 1124 994 καὶ
1151 940 1216 1013 πρὸς
1241 941 1291 994 τὸν
1314 937 1435 1012 ἀριθμόν
1460 941 1518 992 τῶν
1541 935 1699 1009 προσώπων
1724 932 1790 990 αὐτὸ

983 1009 1163 1094 διαιροῦνται,
1187 1011 1211 1062 tl
1227 1008 1264 1078 μὴ
1280 1007 1332 1079 ἄρα
1350 1009 1364 1059 ὁ
1382 1006 1467 1060 διαθέ
1486 1025 1544 1061 enoc
1566 1011 1681 1058 ἕκαστον
1697 1000 1790 1058 alvom

984 1082 1067 1152 ρητον
1083 1099 1110 1131 τι
1129 1078 1223 1146 λαβεῖν
1240 1075 1389 1140 διετάξατο,
1420 1029 1533 1144 μηδενὸς
1550 1076 1791 1193 περιεργαζομένου

982 1144 1051 1199 κατὰ
1078 1145 1129 1212 τὴν
1154 1144 1273 1199 παλαιάν
1297 1142 1429 1206 διάταξιν,
1453 1145 1476 1195 εί
1498 1141 1551 1196 άπὸ
1575 1146 1669 1215 κε’ρτας
1688 1137 1705 1194 ά
1722 1160 1791 1209 μινι·

983 1221 1140 1286 στρατίονος
1157 1203 1191 1278 ῆν
1208 1213 1239 1267 τὸ
1257 1211 1407 1283 πρόσωπον
1425 1209 1441 1277 ἢ
1458 1208 1502 1280 μή.

986 1287 1016 1336 11
1051 1284 1118 1333 ’Καὶ
1136 1286 1198 1351 περὶ
1216 1279 1380 1348 διαθεμένου
1403 1276 1576 1332 κελεύσαντος
1599 1282 1628 1330 έκ
1652 1273 1791 1347 προτελευ-

1050 1352 1096 1416 τῆς
1113 1351 1161 1401 τοῦ
1178 1350 1341 1417 τιμηθέντος
1358 1353 1413 1400 τοῖς
1430 1353 1526 1402 παισὶν
1544 1344 1625 1399 αὐτοῦ
1643 1340 1659 1412 ἢ
1676 1344 1792 1417 ἐγγόνοις

1055 1415 1066 1431 “
1085 1416 1256 1489 προεγγόνοις
1274 1413 1289 1482 ἢ
1307 1421 1351 1468 καί
1369 1420 1507 1488 συγγενέσι
1526 1412 1645 1480 δοθῆναι
1662 1413 1694 1466 τὸ
1711 1431 1792 1465 κατα·

986 1490 1015 1540 1‘2
1050 1439 1174 1556 λειφθέν.
1207 1489 1261 1535 Knl
1280 1486 1304 1535 el
1320 1480 1415 1552 μόνοιν
1431 1483 1500 1536 υἱῶν
1516 1479 1716 1551 μνημονεύσεις,
1734 1482 1793 1533 πῶς

1051 1552 1081 1605 αι’
1103 1554 1249 1626 θυγατέρες
1271 1549 1349 1604 οὐδὲν
1373 1548 1548 1624 ὠφελοῦνται.
1589 1555 1634 1602 καί
1657 1549 1792 1621 περὶτοῦ,

1053 1623 1077 1674 εἰ
1098 1623 1209 1693 γενικῶς
1230 1615 1245 1672 ό
1268 1617 1458 1687 διατιθέμενος
1475 1620 1545 1672 εἴποι
1562 1615 1793 1691 προτελευτῶντος

1051 1684 1132 1742 αὐτοῦ
1156 1687 1217 1742 τοὺς
1235 1690 1263 1751 ἐξ
1281 1685 1362 1740 αὐτοῦ
1382 1686 1529 1756 λαμβάνειν
1549 1685 1581 1738 τὸ
1600 1682 1793 1768 καταλειφθέν,

1051 1759 1110 1812 πῶς
1134 1753 1195 1810 τότε
1219 1762 1262 1808 καὶ
1280 1755 1350 1808 υἱοὺς
1368 1760 1412 1807 καὶ
1431 1757 1582 1826 θυγατεόας
1599 1758 1643 1805 καὶ
1662 1757 1793 1839 έγγονους,

1051 1831 1096 1878 καὶ
1114 1828 1134 1875 ἐ·
1160 1821 1224 1877 άνας
1246 1829 1289 1876 καὶ
1308 1820 1483 1895 προεγγόνους
1505 1806 1549 1874 καλ
1566 1837 1731 1893 προεγγονας
1748 1839 1792 1871 κα·

986 1898 1016 1948 13
1052 1893 1109 1946 lein
1134 1913 1170 1946 αι.
1206 1896 1261 1944 Καὶ
1285 1893 1309 1944 si
1333 1893 1420 1965 ῥητῶς
1444 1891 1565 1972 ἐπαγάγῃ
1587 1888 1649 1942 τοῦς
1666 1889 1695 1951 ἐξ
1712 1885 1793 1940 αὐτοῦ

1051 1958 1241 2035 προελθόντας
1267 1966 1311 2037 καὶ
1338 1959 1398 2012 τοὶ-ς
1424 1960 1516 2031 ipsine
1539 1946 1571 2011 λα
1592 1954 1700 2024 βάνειν,
1723 1962 1794 2008 τίνες

985 2034 1017 2083 11
1051 2027 1178 2082 ἀπαιτεῖν
1209 2025 1342 2082 δόνανται
1367 2027 1399 2081 τὸ
1425 2025 1556 2098 καταλειφ
1582 2031 1618 2080 ε’ν,
1666 2025 1700 2078 Τό
1727 2021 1793 2075 αὐτὸ

1052 2103 1097 2150 καὶ
1124 2102 1185 2167 περί
1213 2099 1359 2169 συγγενῶν.
1401 2101 1445 2148 καὶ
1469 2097 1556 2147 ταῦτα
1577 2096 1627 2160 μέν
1651 2097 1712 2165 περὶ
1736 2092 1793 2143 τῶν
1875 2138 1878 2143 .

1053 2166 1119 2236 πρὸς
1136 2161 1210 2227 άπαξ
1227 2163 1516 2232 καταλιμπανομένοιν.

987 2229 1115 2289 15¹⁰'aov
1132 2231 1162 2285 δέ
1181 2236 1331 2285 ένιαυσιαῖα
1348 2229 1365 2298 ἢ
1382 2231 1451 2284 κατὰ
1467 2233 1539 2299 μῆνα
1561 2225 1577 2296 ῆ
1600 2222 1668 2282 καθ’
1694 2223 1795 2295 ἡμέραν

984 2300 1134 2371 καταλείψη
1153 2307 1208 2353 τοῖς
1226 2299 1302 2354 ι’διόις
1319 2305 1475 2373 συγγενέσιν
1492 2296 1506 2352 ὁ
1523 2296 1691 2365 διαθέμενος,
1709 2298 1732 2348 εἰ
1766 2298 1795 2347 έν

983 2367 1069 2438 μηδέν
1087 2355 1170 2422 πλέον
1184 2369 1254 2441 εἴπῃ,
1272 2367 1364 2436 μόνοις
1376 2372 1431 2420 τοῖς
1446 2372 1475 2419 έν
1493 2368 1533 2433 τῷ
1549 2367 1635 2436 enipi*
1650 2367 1696 2431 τῆς
1710 2383 1739 2416 τε
1786 2393 1794 2402 ·

984 2439 1030 2502 τῆς
1057 2433 1139 2489 alnon]
1167 2442 1321 2508 συγγενέσιν
1348 2439 1398 2488 έαις
1419 2430 1465 2488 ὅτε
1483 2441 1597 2505 περίεισι
1616 2387 1746 2487 δίδοσθαι
1764 2429 1795 2483 τό

985 2503 1239 2572 καταλελειμμένον,
1264 2499 1358 2573 ῶσπερ
1381 2505 1405 2555 εἰ
1428 2502 1526 2571 καὶμὴ
1545 2505 1706 2573 συγγενέσιν,
1729 2495 1796 2552 ἀλλὰ

985 2577 1040 2625 τοῖς
1066 2574 1095 2624 ἔκ
1122 2589 1194 2624 τινος
1218 2568 1386 2638 συστήματος
1410 2566 1425 2637 ἢ
1449 2567 1583 2642 τάγματος
1607 2566 1623 2635 ῆ
1646 2573 1796 2637 σωματείου

986 2639 1126 2711 κατέλειιμε
1143 2642 1230 2693 ταῦτα
1248 2640 1282 2693 τά
1300 2643 1450 2692 ένιαυσιαῖα
1469 2637 1484 2703 ῆ
1501 2642 1615 2707 μῃνιαῐα
1635 2631 1650 2704 ῆ
1668 2631 1796 2706 ῆμερήσια

986 2706 1101 2780 ληγάτα·
1125 2713 1170 2760 καί
1192 2705 1255 2760 τότε
1276 2707 1326 2779 γὰρ
1350 2707 1377 2760 ol
1398 2704 1536 2778 περιόντες
1559 2702 1638 2776 μόνοι
1661 2702 1729 2756 κατὰ
1746 2700 1796 2758 τόν

985 2775 1081 2848 καιρόν
1105 2777 1180 2842 τῆςιι
1204 2774 1325 2842 τελευτῆς
1348 2772 1430 2829 αὐτοῦ
1454 2772 1599 2826 καλοῦνται
1623 2776 1667 2825 καὶ
1691 2772 1720 2833 ἐξ
1742 2766 1795 2823 ι’σό-

988 2849 1018 2898 16
1059 2849 1137 2909 τητος
1161 2841 1329 2915 διαιροῦνται
1353 2842 1385 2896 τά
1409 2840 1658 2909 καταλελειμμένον.
1704 2840 1739 2892 ta
1767 2835 1797 2890 δέ

986 2917 1125 2984 συγγενέσι
1149 2929 1189 2964 τις
1212 2906 1429 2980 καταλιμπάνειν
1447 2913 1598 2962 ἐνιαυσιαῖα
1616 2905 1632 2976 ἢ
1648 2902 1797 2977 μηνιαῖαῆ

987 3051 1075 3101 Paret.
1096 3051 1130 3100 ael
1142 3051 1220 3100 Const.
1238 3061 1258 3113 ²,
1276 3052 1358 3100 oestuo
1375 3050 1462 3100 Ponat.
1481 3049 1516 3098 σιί
1531 3049 1638 3098 Coreto
1683 3049 1716 3110 (³)
1727 3070 1758 3090 ε
1770 3045 1797 3097 Β

987 3122 1028 3181 tt,
1047 3131 1080 3182 ιε,
1098 3128 1125 3170 ει
1195 3120 1229 3181 (ι)
1247 3120 1280 3185 cs.
1297 3118 1358 3169 Ina.
1377 3119 1402 3179 2,
1421 3127 1457 3178 no,
1475 3127 1510 3167 τε,
1529 3118 1553 3176 3,
1572 3127 1639 3180 opr.
1713 3117 1743 3177 (s)
1762 3116 1798 3164 n'c

987 3187 1129 3250 Heimboct,
1156 3180 1238 3249 δῆλον
1262 3187 1290 3237 Β
1365 3187 1399 3250 (a)
1425 3180 1505 3246 τυχὸν
1531 3182 1578 3246 τῆς
1603 3178 1725 3246 τελευτῆς
1750 3182 1797 3232 del.

986 3253 1309 3319 (t)§1o=Nomoc.2,1,
1327 3256 1370 3305 ali
1385 3255 1472 3305 dicitur
1488 3270 1537 3302 esee
1553 3248 1627 3316 θεμα
1643 3247 1685 3315 ιβ’
1729 3250 1764 3314 (8)
1781 3241 1798 3312 ἢ

986 3317 1139 3389 όμοτέχνοις
1165 3341 1209 3372 σοι.
1228 3323 1297 3386 libri,
1321 3322 1436 3388 supplevi
1452 3340 1481 3372 ee
1503 3319 1593 3382 indice,
1618 3322 1662 3385 qui
1684 3329 1750 3370 estet
1773 3319 1797 3368 in

986 3391 1086 3443 Nomos.
1096 3391 1179 3455 (Pina
1190 3410 1217 3457 p.
1228 3394 1280 3453 tos)
1348 3392 1383 3453 (o)
1395 3396 1407 3449 t
1421 3399 1500 3442 ιι-ιι
1512 3412 1545 3432 ==
1554 3387 1582 3438 B
1649 3387 1797 3468 (to)§1o.to

987 3471 1069 3511 estora
1087 3462 1110 3510 in
1121 3459 1220 3511 Nomoc·
1236 3461 1259 3521 2,
1273 3470 1291 3520 t,
1310 3461 1353 3510 ali
1367 3459 1539 3508 dieanturesse
1556 3453 1629 3522 θέμα
1647 3472 1678 3511 κς
1701 3474 1707 3506 z
1724 3472 1798 3521 prae·

987 3531 1086 3579 mittitur
1104 3539 1181 3577 autem
1199 3526 1258 3577 τῶν
1274 3521 1435 3592 βασιλικῶν,
1456 3543 1506 3576 eam
1525 3534 1581 3575 ante
1600 3530 1612 3583 1
1632 3535 1657 3575 to
1675 3524 1799 3575 scribatur

986 3595 1034 3646 τοῦ
1050 3589 1168 3654 κῶδικος,
1186 3606 1211 3645 at
1225 3597 1338 3646 incertum
1352 3597 1392 3656 sit,
1408 3613 1461 3644 num
1472 3611 1530 3643 aero
1539 3593 1716 3643 constitutionis
1724 3593 1798 3642 aerbo

987 3683 1020 3714 on
1040 3664 1170 3715 Ttolelnei
1187 3665 1288 3714 indicem
1306 3665 1446 3715 contineant
1497 3660 1540 3725 (a)
1559 3659 1604 3724 τῆς
1622 3679 1666 3710 om.
1686 3659 1745 3711 titre·

1685 3764 1796 3773 *—

125 3527 272 3579 constantio
289 3528 371 3592 posita
388 3531 437 3591 est,
460 3545 505 3593 per
529 3544 603 3591 quom
621 3532 646 3577 et
663 3529 723 3577 haio
740 3528 807 3594 parti
824 3528 934 3579 mederi·

124 3612 184 3661 mus,
209 3598 274 3647 unde
292 3598 363 3648 etiam
382 3597 504 3663 eollipitur
521 3598 544 3647 λ.
564 3616 584 3648 e.
606 3599 750 3648 anteriorem
774 3615 824 3647 erse
848 3597 935 3647 consti·

126 3668 214 3717 tutione
231 3664 334 3714 Summa
351 3666 389 3730 (p.
400 3676 425 3716 2:
446 3666 507 3715 doto
521 3676 564 3716 711
580 3664 703 3731 ιἰ1.ι1ρει’ί.
720 3683 743 3715 ο.
757 3666 810 3727 ott)
855 3664 887 3728 (2)
899 3666 935 3716 sie

158 3832 171 3889 1
199 3829 241 3886 lm
265 3875 270 3887 .
294 3830 471 3886 lastinianus.
512 3830 596 3887 Recte
616 3833 765 3903 quemlibet
803 3841 937 3888 ostumam
987 3849 1101 3902 eamque
1123 3848 1179 3885 non
1203 3830 1299 3885 illicito
1323 3829 1436 3909 corpori
1458 3828 1526 3907 quiet
1547 3827 1701 3898 reliquerit,
1727 3825 1800 3883 valet

126 3902 171 3972 qai
182 3850 261 3979 ,υιιίρ
273 3899 396 3978 lmedem
418 3895 526 3954 scribit:
549 3917 636 3971 neque
657 3919 713 3955 non
730 3909 758 3956 et
774 3851 894 3971 'epotam
911 3907 938 3955 et
987 3900 1118 3954 relietum.
1146 3900 1213 3952 etsi
1231 3898 1338 3969 quidem
1355 3897 1512 3968 ssnnplietter
1530 3895 1701 3974 eollepiiael
1715 3895 1798 3967 lepio-

124 3969 357 4038 tideseomnassam
381 3968 406 4020 ei
424 3969 565 4047 relinquit,
590 3969 643 4022 rasi
662 3970 766 4022 seilicet
782 3968 860 4024 lieres
874 3969 938 4039 fieri
987 3969 1030 4021 nis
1053 3968 1214 4022 mentionem
1234 3967 1349 4036 feeerit,
1374 3981 1474 4028 omnes,
1499 3965 1547 4034 qui
1564 3971 1661 4018 mortis
1679 3969 1799 4034 ternpore

127 4043 139 4090 t
210 4036 329 4090 oltilritses
346 4043 405 4090 erat
426 4036 507 4090 aelst
525 4037 854 4091 inraamnoturaerat.
882 4036 937 4090 He·
987 4036 1016 4089 in
1033 4053 1065 4090 eo
1083 4052 1195 4089 numero
1210 4042 1282 4104 sant,
1295 4040 1396 4106 petant
1415 4039 1442 4086 et
1455 4031 1602 4086 secandum
1615 4047 1798 4102 personarum

126 4054 208 4159 noll
219 4105 339 4158 inermos
356 4104 438 4158 scribi
456 4104 615 4158 constitutio
634 4112 715 4168 uetat,
739 4105 793 4159 nisi
812 4105 841 4157 in
858 4111 937 4158 utero
987 4120 1127 4158 nummum
1153 4102 1184 4155 id
1207 4101 1343 4167 dividunt,
1370 4101 1422 4154 ιιιίι·
1448 4106 1562 4154 testator
1584 4116 1745 4170 uuumqaem
1766 4117 1799 4154 ue

127 4181 171 4227 est.
222 4173 251 4226 ia
283 4171 335 4226 λος
362 4172 432 4226 enim
459 4188 557 4226 nomen
583 4172 642 4226 eius
666 4171 743 4243 qaod
767 4171 938 4227 desideratur
988 4179 1090 4225 eertum
1109 4170 1214 4241 aliquid
1230 4187 1328 4242 cupere
1344 4169 1468 4223 iusserit:
1489 4185 1554 4222 neae
1594 4168 1636 4221 ais
1652 4115 1799 4221 secunlum

128 4246 141 4294 ³
174 4239 286 4317 repplet
308 4247 400 4295 uenter
422 4241 470 4311 qui
492 4257 552 4294 eam
575 4246 666 4310 pestat
682 4247 710 4295 et
721 4247 813 4319 peter.
849 4238 889 4294 Et
904 4240 938 4295 de
987 4246 1102 4294 retorem
1116 4239 1334 4293 constitutioaoa
1350 4242 1433 4300 cieret,
1451 4244 1541 4290 sertae
1555 4185 1800 4289 elministrotionis

125 4307 338 4376 fidooontmrssis
355 4316 382 4362 et
404 4307 502 4379 tepetis
519 4308 600 4363 sentet
617 4315 743 4379 eopnatts
759 4325 815 4379 per
831 4308 938 4362 unirer·
990 4312 1018 4360 11
1058 4323 1180 4378 persone
1225 4307 1296 4360 uerit
1327 4322 1376 4359 neo
1401 4322 1442 4359 ne.
1487 4303 1524 4358 ta
1552 4304 1576 4357 si
1601 4310 1714 4357 testator
1735 4310 1799 4359 ante

127 4377 230 4430 ritatem
240 4375 385 4450 relicturi
399 4392 455 4429 non
469 4382 586 4446 atroque
601 4382 721 4448 tempore
731 4376 837 4440 (morta
849 4377 937 4446 forte)
987 4375 1119 4496 ἀργαιιοιο
1137 4391 1169 4429 eo
1188 4375 1235 4444 qui
1252 4373 1404 4428 honoratus
1421 4382 1463 4427 est
1479 4372 1570 4427 literis
1587 4371 1644 4425 eius
1657 4371 1700 4426 ael
1715 4387 1798 4451 nepo·

128 4452 260 4515 soporatas
274 4452 358 4508 extet,
375 4444 424 4497 sed
437 4451 542 4498 tantam
555 4444 651 4498 mortis
667 4450 787 4516 tempore
799 4452 881 4498 natus
897 4442 940 4499 nel
990 4443 1010 4496 ti
1027 4459 1059 4496 us
1082 4443 1124 4496 vel
1139 4442 1342 4513 pronepotibus
1359 4442 1401 4495 vet
1423 4440 1504 4495 etiem
1523 4439 1648 4510 eopnntis
1665 4437 1728 4492 dori
1743 4455 1798 4493 sas·

128 4519 143 4566 4
169 4510 347 4568 inatmosit.
374 4510 422 4566 l'el
435 4513 515 4579 silis,
534 4517 582 4570 (ai
599 4517 751 4571 testamenti
765 4522 815 4570 tem
837 4529 943 4571 oreco-
991 4515 1021 4564 tt
1055 4510 1130 4573 serit,
1149 4510 1224 4579 qaod
1241 4509 1364 4563 relictam
1382 4516 1429 4563 est.
1462 4507 1500 4561 Et
1515 4508 1540 4561 si
1555 4507 1676 4575 filioram
1695 4513 1799 4561 tannem

127 4581 287 4701 psallentii,
297 4582 448 4651 reliquerit,
463 4535 786 4648 steinselealiinoscautur,
816 4580 943 4653 equilus
988 4578 1149 4633 mentionem
1162 4578 1274 4648 feeerit,
1287 4577 1398 4647 filiabus
1415 4576 1467 4630 ltoe
1480 4575 1549 4629 niltil
1557 4574 1698 4653 prodesse.
1731 4575 1800 4630 etsi

174 4651 204 4703 in
219 4647 344 4702 testando
359 4664 415 4701 non
431 4649 568 4718 copitaoit.
597 4646 673 4703 Etsi
689 4654 802 4704 testator
816 4647 940 4703 oneratus
988 4646 1153 4718 peneraliter
1171 4651 1286 4699 testator
1301 4645 1507 4714 antestes-aneto
1522 4659 1554 4697 eo
1564 4658 1726 4714 propemem
1740 4642 1799 4698 eius

127 4717 251 4788 cometis
273 4717 331 4769 sais
349 4715 499 4838 reliquerit,
520 4733 577 4770 uon
595 4716 742 4771 seeundum
759 4717 876 4786 praelum
893 4733 939 4771 ne-
988 4714 1112 4786 aoeipere
1129 4712 1205 4784 quod
1221 4713 1344 4767 relictum
1365 4719 1406 4767 est
1423 4711 1546 4774 iusserit,
1565 4718 1620 4764 tum
1637 4717 1664 4765 et
1678 4710 1754 4780 filios
1771 4717 1800 4765 et

127 4801 177 4854 que
193 4783 341 4838 seeundum
359 4800 392 4838 or
411 4786 480 4839 inem
498 4790 633 4855 eopnntos
648 4786 742 4839 vocari
757 4791 874 4856 oportet,
891 4783 940 4838 sed
986 4782 1062 4852 filins
1076 4788 1103 4836 et
1116 4787 1229 4853 nepotes
1243 4788 1270 4835 et
1282 4787 1376 4852 neptes
1390 4787 1416 4834 et
1425 4786 1594 4851 pronepotes
1606 4784 1634 4832 et
1647 4784 1799 4849 proneptes

127 4858 141 4906 o
175 4869 275 4906 omnes.
304 4851 342 4904 Et
359 4853 384 4905 si
400 4853 526 4923 copientis
542 4853 591 4922 qui
608 4853 642 4906 ab
659 4853 788 4907 intestato
805 4858 940 4907 vocentur
991 4854 1021 4904 13
1047 4850 1148 4906 uocari.
1180 4848 1218 4903 Et
1234 4850 1259 4902 si
1274 4848 1430 4920 spetialiter
1444 4846 1574 4901 adiecerit
1587 4846 1687 4900 liberos
1701 4846 1759 4900 eius
1772 4852 1799 4901 et

127 4924 140 4972 't
166 4920 230 4975 dori
244 4920 362 4982 iusserit,
378 4921 490 4990 quinam
505 4927 641 4975 vocentur.
670 4918 746 4974 Etsi
759 4920 821 4990 qais
835 4919 939 4974 libertis
988 4918 1037 4989 qui
1051 4917 1178 4989 deinceps
1190 4924 1339 4987 sequnntur
1354 4916 1486 4987 accipere,
1504 4914 1615 4986 qmnom
1633 4913 1708 4983 quod
1719 4913 1797 4968 relie-

127 4993 142 5043 8
174 4988 233 5042 sois
259 4987 404 5058 leporemt,
430 4988 542 5058 quinem
567 4989 660 5059 lepata
687 4987 805 5060 capiant.
851 4986 889 5042 Et
914 4987 939 5041 si
990 4991 1021 5040 14
1049 4992 1104 5040 tam
1121 4993 1161 5039 est
1173 4992 1269 5055 petere
1281 4984 1399 5057 possint.
1426 4981 1502 5037 Idem
1519 4982 1595 5037 etde
1612 4981 1744 5050 copretis.
1770 4990 1797 5036 et

125 5055 291 5127 peneraliter
309 5055 432 5110 omnibus
453 5056 557 5111 libertis
574 5057 631 5110 sais
643 5056 672 5110 in
687 5060 846 5110 testamento
863 5055 938 5126 lepn-
991 5059 1020 5108 15
1047 5052 1115 5108 loeo
1126 5053 1234 5125 quietem
1247 5052 1281 5106 de
1292 5053 1327 5105 iis
1341 5068 1412 5122 quae
1424 5049 1507 5104 semel
1518 5049 1614 5104 relicta
1628 5055 1699 5103 sant.
1718 5046 1799 5116 Quot

126 5125 203 5188 uerit,
221 5123 319 5178 dando
335 5125 489 5194 specialiter
507 5124 584 5178 aliud
600 5124 668 5195 qaid
684 5123 804 5195 inpetum
823 5122 867 5188 iis,
890 5123 939 5194 qai
986 5123 1012 5176 si
1029 5139 1122 5175 annua
1140 5121 1181 5176 ael
1196 5121 1225 5174 in
1242 5136 1346 5175 moises
1358 5119 1482 5189 sinpulos
1499 5117 1541 5173 ael
1556 5117 1584 5170 in
1602 5116 1660 5170 dies
1672 5119 1797 5189 oopnata

126 5192 155 5244 in
179 5198 338 5246 testamento
361 5209 412 5246 suo
430 5193 587 5247 manumissi
600 5192 723 5271 suerint,
747 5191 789 5247 oel
811 5191 840 5244 in
864 5189 938 5246 eodi-
987 5190 1045 5244 setis
1072 5195 1187 5243 testator
1211 5188 1366 5258 reliquerit,
1397 5187 1422 5240 si
1453 5185 1560 5256 qutidem
1586 5184 1655 5238 nitil
1680 5185 1797 5255 amplias

126 5263 142 5314 9
176 5259 247 5313 eillis
264 5258 306 5314 vel
322 5260 381 5314 sirie
397 5261 536 5331 scriptura
554 5261 703 5329 reliquerit,
723 5258 791 5330 qaid
804 5259 864 5337 fiat.
900 5257 940 5313 Et
987 5258 1099 5321 dixerit,
1117 5255 1247 5328 iissolis,⁴
1272 5257 1300 5310 ια’
1313 5255 1410 5309 mortis
1425 5260 1546 5324 tempore
1560 5253 1586 5308 ei
1600 5253 1713 5325 εοῃιιαίι·
1724 5260 1796 5317 sant,

125 5326 292 5398 sismuilioe
309 5327 427 5398 leputam
444 5329 567 5383 relietum
583 5329 680 5448 premit,
698 5333 825 5398 eopnotts
856 5343 938 5383 euero
988 5326 1051 5379 diem
1068 5326 1161 5380 vinum
1178 5341 1232 5395 qao
1268 5322 1392 5378 relietum
1412 5328 1454 5401 est
1475 5322 1547 5400 dari,
1589 5319 1797 5400 proaemium

128 5400 159 5448 to
193 5411 297 5449 aurave
314 5411 370 5449 non
388 5396 545 5450 extarttibas
562 5396 582 5448 li
599 5403 674 5449 ertos
690 5395 791 5449 noemi.
849 5395 939 5465 iquis
987 5395 1078 5459 enam,
1094 5393 1119 5447 si
1136 5409 1192 5446 non
1209 5391 1344 5463 copientis,
1361 5389 1411 5446 sed
1425 5390 1469 5455 its,
1490 5405 1537 5461 qm
1583 5405 1671 5444 temus
1688 5388 1795 5459 eollepu

126 5479 208 5518 sacro
230 5463 339 5517 senatui
362 5462 404 5517 ael
419 5463 512 5517 eumne
529 5463 646 5517 unitatis
668 5462 709 5516 oel
730 5461 840 5532 officio,
863 5461 940 5532 quod
988 5461 1030 5516 nel
1046 5460 1163 5532 tepionis
1179 5459 1221 5514 uel
1237 5458 1364 5531 corporis
1379 5465 1452 5524 sant,
1471 5456 1539 5512 λαις
1555 5473 1649 5512 annua
1665 5455 1709 5512 rel
1723 5471 1795 5511 mea·

126 5531 234 5604 mapnis
251 5530 435 5610 potestatibus
458 5530 499 5587 vel
519 5530 554 5584 iis
574 5547 645 5600 qaae
661 5531 691 5583 in
707 5529 857 5600 protinoiis
873 5534 940 5585 saut
987 5536 1066 5584 straa
1083 5528 1125 5585 ael
1141 5527 1241 5582 diarria
1264 5527 1356 5598 lepato
1373 5526 1540 5598 reliquisset:
1562 5541 1626 5580 nem
1649 5529 1705 5580 tum
1729 5539 1796 5594 qao·

125 5599 303 5654 manerium
317 5596 448 5670 praebet,
471 5597 515 5653 vel
532 5598 696 5652 medicorum
710 5599 938 5669 professorumoe
987 5614 1040 5668 qne
1055 5596 1110 5653 soti
1125 5596 1146 5650 ii
1163 5594 1211 5675 qui
1227 5596 1323 5651 mortis
1339 5595 1398 5650 eius
1416 5600 1536 5667 tempore
1551 5596 1650 5650 entant
1663 5598 1797 5648 nocentur

126 5665 169 5723 rel
189 5665 386 5723 aduocatorum
409 5666 521 5738 corpori
544 5666 586 5722 ναί
609 5665 738 5720 militibus
760 5665 803 5721 oet
818 5665 937 5720 eusdem
987 5674 1014 5720 et
1038 5683 1053 5720 e
1097 5680 1192 5744 aequus
1207 5663 1340 5736 partitas
1361 5663 1437 5735 qnod
1458 5662 1582 5718 relietum
1603 5664 1646 5717 est
1662 5658 1794 5716 dividant.

125 5735 195 5793 artis
221 5735 365 5809 opifieibus
391 5733 434 5792 ael
455 5733 561 5792 cenes
584 5733 626 5791 ael
651 5750 705 5789 ano
729 5733 809 5791 uerbo
832 5733 859 5789 si
881 5734 937 5790 eui·
990 5738 1020 5789 to
1047 5682 1154 5806 ltqm
1168 5739 1266 5801 autem,
1281 5748 1352 5805 quae
1366 5732 1595 5807 copretisonnuo
1608 5726 1795 5786 oelmensttaa
