3870 6134
211 262 267 326 la

213 442 319 513 quidem
336 443 482 521 portionem
507 443 652 497 secundum
671 441 741 509 leges
759 446 865 496 nostras
883 441 921 494 eis
938 442 1018 494 relin-

214 526 307 579 quere:
326 517 473 563 sinautem
491 511 604 579 amplius
621 511 751 564 solaerit¹
770 510 868 577 largiri,
892 509 944 562 hoe
961 509 1018 562 eius

213 587 228 631 o
264 578 394 631 voluutati
417 578 592 630 concedimus.
633 578 681 630 Sin
705 592 766 630 vero
790 578 908 629 ultimam
925 576 1018 629 volun·

212 651 294 699 tatem
318 649 443 714 parentes
466 660 551 712 neque
575 651 733 698 testamento
752 659 838 711 neque
855 643 908 696 alio
925 642 1019 696 ultimo

212 714 298 781 elogio
325 712 474 765 declarasse
500 714 639 765 monstrati
666 712 772 770 sinerint.
799 726 901 763 omnem
923 724 1019 777 paren-

212 782 280 833 tium
298 781 473 833 substantiam
491 780 616 841 heredes,
640 780 736 846 quibus
754 780 787 830 ah
806 779 929 830 intestato
948 792 1020 830 com·

214 849 293 915 petit,
318 847 463 898 sectandum
484 848 554 915 leges
573 852 678 898 nostras
697 847 746 898 sibi
765 845 921 898 defendant:
947 843 1020 896 nullo

214 915 252 967 eis
275 914 462 982 impedimento
485 930 516 966 ex
540 912 734 966 sanctimoniali
758 913 957 965 couversatione
975 926 1018 979 ge·

214 982 342 1041 uerarrdo,
369 982 423 1034 sive
450 981 499 1033 soli
525 981 579 1033 sive
605 996 663 1033 eum
687 980 745 1032 aliis
770 983 802 1032 ad
825 979 1020 1032 successionem

215 1056 228 1099 7
248 1053 284 1109 tlt
302 1056 438 1101 vocantur.
474 1048 559 1100 Huius
577 1054 722 1116 perpetuae
739 1051 847 1099 nostrae
860 1046 924 1113 legis
938 1046 1019 1097 hene·

215 1117 276 1167 licia
303 1131 347 1168 eos
374 1116 493 1167 volumus
520 1115 650 1179 obtinere,
679 1115 723 1182 qui
747 1113 774 1166 in
798 1113 957 1166 monasterio
980 1113 1022 1164 vel

215 1184 343 1235 clericatu
369 1182 601 1250 perseuerauerint.
644 1197 706 1234 uam
733 1184 755 1234 si
781 1181 825 1249 qui
851 1195 956 1242 eorum,
989 1179 1021 1231 dc

215 1252 311 1316 quilius
348 1257 494 1302 raesentem
519 1249 600 1316 legem
623 1249 771 1315 posuimus,
794 1248 1020 1300 sanctimonialem

215 1319 294 1369 sitam
313 1267 446 1383 ciigeriut,
465 1318 499 1368 ad
515 1317 679 1370 saecularem
693 1321 781 1368 autem
796 1314 1021 1367 conversationem

215 1384 396 1446 remeaverint,
415 1384 535 1436 iubemus
554 1399 643 1435 omnes
662 1398 752 1435 eorum
776 1397 818 1434 res
836 1381 869 1433 ad
887 1383 947 1434 iura
964 1382 1021 1433 eius

216 1453 343 1503 ecelesiae
361 1452 400 1503 vel
418 1451 570 1503 monasterii
593 1467 609 1503 a
632 1467 684 1516 quo
706 1450 864 1502 recesserint
880 1449 1020 1516 pertinere.

216 1522 284 1635 nqttl
312 1518 360 1570 His
386 1519 425 1570 ita
451 1517 586 1584 dispositis
611 1518 725 1586 repetita
749 1517 805 1584 lege
831 1516 964 1577 iuhemus,
992 1522 1022 1568 ut

217 1584 303 1637 nulus
329 1584 444 1638 Iudaeus
470 1585 510 1637 rel
541 1599 662 1652 paganus
688 1583 728 1636 sel
754 1584 904 1636 haereticus
931 1597 1021 1634 servos

217 1652 381 1704 Christianos
407 1652 512 1704 haheat.
558 1651 627 1719 quod
655 1651 677 1703 si
702 1650 802 1704 inventi
823 1651 849 1703 iu
872 1650 920 1701 tali
946 1656 1022 1701 reatu

215 1721 321 1783 fiteriut,
340 1719 473 1772 sancimus
491 1735 581 1771 servos
605 1718 689 1771 modis
707 1719 830 1771 omnibus
848 1715 947 1770 liberos
965 1730 1023 1769 esse

216 1786 362 1839 secundum
393 1787 551 1839 anteriorem
583 1792 733 1839 nostrarum
760 1787 864 1853 legum²
895 1788 1022 1837 tenorem.

216 1862 231 1903 u
257 1854 288 1904 ln
325 1855 441 1906 raeseuti
455 1863 544 1906 autem
559 1853 661 1906 lincam
683 1852 733 1906 lius
751 1851 926 1913 decernimus,
944 1854 981 1915 ut,
1000 1850 1023 1903 si

217 1921 275 1986 quis
300 1870 333 1972 δε
350 1921 492 1987 praedictis
509 1919 614 1973 ludaeis
633 1870 680 1972 veiJ
693 1918 807 1998 paganis
824 1918 865 1972 vel
885 1918 1024 1970 haereticis

217 1989 341 2039 hahuerit
359 2003 449 2039 servos
468 1986 584 2040 nondum
602 1987 749 2040 catholicae
770 1986 832 2038 fidei
849 1984 1024 2038 sanctissimis

217 2055 347 2123 mysteriis
370 2054 493 2111 imbutos.
517 2058 544 2106 et
566 2054 698 2122 praedicti
721 2054 788 2105 servi
817 2052 1025 2106 desideraverint

217 2123 250 2173 acl
278 2121 450 2173 orthodoxam
476 2121 554 2173 tidem
581 2122 682 2185 venire,
708 2124 848 2188 postquam
877 2118 1024 2172 catholicae

217 2189 345 2241 ecelesiae
368 2189 462 2241 sociati
488 2188 600 2248 luerint,
626 2188 655 2240 in
672 2188 820 2240 libertatem
839 2187 922 2239 modis
940 2186 1023 2239 omni·

218 2258 268 2307 hus
286 2270 318 2307 ex
336 2256 469 2321 praesenti
486 2256 543 2323 lege
561 2255 721 2321 eripiantur:
744 2261 771 2306 et
787 2268 833 2306 eos
850 2258 905 2305 tam
922 2252 1023 2306 iudices

218 2322 411 2389 provinciarum
444 2336 523 2389 quam
554 2326 744 2375 sacrosanctae
770 2321 898 2374 ecclesiae
932 2319 1023 2373 deien-

217 2404 291 2442 sores
317 2404 366 2441 nee
392 2404 445 2441 non
472 2389 617 2442 beatissimi
635 2388 753 2457 episcopi
776 2388 933 2451 defendant,
959 2386 1025 2440 nihil

218 2472 266 2523 pro
302 2471 392 2508 eorum
427 2456 513 2524 pretio
547 2457 653 2523 penitus
683 2455 875 2524 accipientibus
902 2454 1024 2508 dominis.

223 2533 251 2576 iu
287 2523 363 2589 Quod
386 2523 409 2576 si
430 2526 501 2576 torte
523 2524 636 2590 posthae
654 2523 732 2576 etiam
750 2524 801 2591 ipsi
819 2521 917 2575 domini
934 2536 1025 2574 aarum

218 2591 252 2642 ad
271 2591 445 2643 orthodoxam
463 2589 542 2642 fidem
561 2592 680 2643 conversi
695 2590 802 2655 luerint,
819 2605 874 2642 uon
888 2590 969 2642 liceat
986 2589 1024 2642 eis

217 2661 251 2709 ad
270 2658 420 2709 servitutem
439 2657 566 2725 reducere
583 2658 650 2722 illos,
670 2658 713 2724 qni
731 2672 776 2710 eos
790 2656 826 2709 ad
838 2656 916 2709 tidem
933 2655 1024 2709 ortho-

218 2725 313 2776 doxam
335 2729 549 2791 praeeesserunt:
573 2724 620 2777 sed
644 2725 666 2777 si
691 2725 749 2792 quis
766 2724 831 2776 talia
848 2724 1024 2791 usurpaverit,

222 2798 247 2842 tt
285 2792 377 2860 poeuis
398 2792 559 2857 grauissimis
583 2792 739 2845 subiacebit.
780 2792 854 2844 Haec
871 2792 952 2856 igitur
968 2805 1025 2843 om·

218 2860 274 2921 nia,
298 2873 366 2926 qnae
388 2858 495 2925 pietatis
518 2859 617 2912 intuitu
640 2865 732 2912 nostra
758 2859 846 2911 sanxit
871 2857 1024 2918 aeternitas,

218 2940 309 2979 omues
332 2924 434 2977 iudices
461 2930 489 2977 et
510 2926 699 2992 religiosissimi
721 2926 853 2979 satiante-s
880 2924 935 2977 sive
952 2924 1025 2976 atn-

219 3007 301 3045 cauae
327 2993 492 3055 dioeceseos,
517 2992 546 3044 in
572 3008 625 3058 qua
651 2993 762 3045 maxime
788 2991 939 3044 huiusmodi
961 2991 1026 3043 vitia

217 3059 381 3126 frequentari
404 3074 436 3112 co
473 3060 587 3123 avimus,
614 3060 668 3112 sive
691 3059 802 3112 aliarum
828 3058 1025 3126 provinciarum

218 3128 320 3179 naviter
342 3131 370 3178 et
392 3133 434 3178 stu
453 3127 583 3179 iosissime
606 3127 746 3179 observare
768 3132 920 3194 procurent.
963 3140 1025 3177 nam

219 3197 414 3260 conmmptores
440 3209 494 3246 non
520 3194 605 3246 solum
628 3194 782 3261 pecuniaria
804 3193 902 3256 multa,
928 3191 976 3244 sed
998 3198 1025 3244 et

219 3261 313 3355 eapitis
332 3260 462 3327 supplicio
480 3260 616 3313 ferientur.

253 3327 292 3382 ol)
312 3325 371 3407 157)
391 3326 433 3379 ³‘0
450 3324 529 3379 αότόε
543 3324 673 3409 βασιλεὺς
687 3320 798 3397 ’ίωόννη
822 3322 929 3397 ἐπάρχῳ
947 3345 1024 3395 πραι-

218 3402 335 3464 τωρίων.
366 3397 388 3445 0
405 3393 503 3465 παρεόν
519 3410 600 3462 ropac
616 3395 652 3445 είι·
670 3393 759 3475 ε’τὲρου
778 3392 862 3445 νόμον
878 3396 1025 3475 γεγραμμί·

218 3482 266 3513 νου
283 3458 350 3531 παρ’
369 3455 464 3527 ἡμῶν*
487 3458 649 3530 ἀναφέρεται
671 3482 690 3527 μ
723 3480 785 3527 μην,
809 3446 842 3512 δν
859 3458 892 3524 δη
915 3464 959 3509 καὶ
980 3449 1024 3510 αύ-

219 3531 266 3581 θιο
287 3532 364 3580 ircano
383 3530 452 3579 ὦσαι
473 3526 542 3597 μετά
564 3544 637 3579 τινος
658 3546 691 3578 να
767 3544 794 3578 os
817 3524 949 3592 ιρἡθημεν
965 3527 1024 3595 χρῆ-

218 3616 265 3647 ναι
290 3548 458 3666 προσθιμιηο,
484 3598 594 3659 μείζονα
618 3593 716 3659 ποινὴν
737 3593 806 3645 κατὰ
828 3595 886 3645 τῶν
908 3592 1024 3659 πλημμε-

229 3728 273 3735 —u
284 3728 382 3734 -—-—
395 3727 443 3733 --.-

219 3801 248 3861 (t)
265 3796 369 3862 amplius
386 3797 495 3847 voluerit
511 3796 540 3856 P,
559 3795 705 3860 etamplius
722 3794 831 3845 voluerit
848 3796 882 3845 eia
902 3797 946 3846 CR

219 3886 235 3914 α
255 3874 266 3924 ς
285 3877 292 3915 ι
312 3869 336 3915 οι
355 3865 453 3916 Nouae.
522 3866 556 3927 ts)
574 3875 630 3915 aso
650 3872 686 3922 §a
706 3865 728 3911 n.
747 3875 762 3913 ι.

255 4006 259 4010 .
270 4004 398 4011 .-η--ι-
409 4006 419 4010 ..

253 4093 292 4153 57
312 4095 386 4150 Idem
400 4097 432 4151 A.
443 4094 562 4151 Iohanni
572 4114 624 4168 pp.
659 4094 794 4150 Praesens
810 4095 858 4151 lece
874 4096 912 4150 ad
928 4112 1024 4150 morso-

219 4165 288 4219 riarn
306 4164 377 4217 alius
399 4181 417 4217 a
437 4162 516 4217 nobis
537 4165 656 4235 scriptae
679 4163 704 4217 le
723 4165 747 4216 is
766 4164 944 4218 revocandam
966 4166 1024 4234 (ir-

220 4239 276 4295 tur,
306 4247 388 4300 quam
417 4230 505 4284 ιίαιιιο
537 4232 686 4299 confirmae
705 4248 749 4283 orn
779 4230 940 4284 credidimus
965 4248 1025 4283 auem

218 4299 328 4352 erectiore
344 4299 495 4351 adiectione
507 4315 627 4369 poenam
648 4305 744 4350 centra
761 4304 959 4369 coeatcmptores
976 4314 1024 4351 au·

218 4366 321 4436 paredo,
353 4383 409 4418 reon
433 4382 488 4434 quo
509 4381 663 4435 poenarum
689 4366 840 4435 unqmoetis
864 4365 1025 4419 delectemur

218 4433 303 4497 (uitat
320 4432 388 4486 erclen
406 4432 483 4485 nolas
502 4440 555 4486 tarn
572 4438 680 4502 ρεαίαιιι
697 4439 828 4501 eatquarn
845 4431 1023 4551 ίιιινιοιιίίοεγ,

218 4500 266 4553 sert
287 4507 317 4552 ut
338 4506 409 4552 rnetu
427 4515 536 4569 poenae
559 4515 606 4552 eos
622 4490 672 4617 qai
689 4498 727 4551 ad
737 4499 906 4570 peccandum
917 4515 992 4620 ρνοο
1002 4499 1024 4551 ι’-

223 4574 230 4618 1
270 4568 356 4620 υίονεε
372 4575 435 4618 steret
452 4582 470 4618 ο
489 4574 623 4635 truresprer
638 4564 712 4618 'ordo
735 4582 882 4619 arceamus.
935 4567 1024 4619 ὀιόιιιο

218 4634 304 4704 ipitirr
326 4634 411 4703 leoena
433 4649 484 4686 uos
501 4632 649 4703 scripsere,
667 4648 722 4701 qua
740 4633 879 4686 oeconomi
896 4641 924 4687 et
939 4634 1023 4688 antis-

220 4705 281 4753 tites
297 4716 435 4753 cersonam
452 4700 495 4753 oet
510 4698 726 4752 raosocorniorum
744 4700 787 4753 oet
798 4699 1025 4778 ptoaltiorumeet

218 4768 442 4819 cruentasti-riorum
459 4768 514 4820 sine
531 4767 649 4820 eirenen
669 4767 724 4819 siue
740 4766 878 4820 νιιιίιενιιοι
896 4769 939 4821 uel
955 4766 1023 4821 alio-

218 4852 276 4887 rum
304 4834 434 4886 eiusrnocti
450 4850 604 4903 corporum,
630 4849 744 4902 ηιιονιινι
769 4835 927 4888 mendacem
947 4834 1025 4954 facit

218 4900 340 4953 cretenau·
357 4901 521 4963 <asamona
539 4899 613 4953 nenti
629 4907 694 4952 araret
706 4908 841 4971 perpetuo
860 4901 899 4954 eis
915 4918 946 4955 re
957 4903 1022 4965 icta,

219 4984 288 5037 quare
311 4983 403 5020 aliaeue
426 4968 498 5038 leqes
515 4974 624 5031 nocuo,
647 4984 685 5020 ex
695 4976 782 5037 poeto
794 4985 851 5038 pro
869 4974 943 5023 certa
960 4969 1023 5022 anri

217 5052 320 5086 srenuuo
342 5034 453 5087 ceruleae
476 5034 517 5088 rel
538 5035 618 5087 aliter
639 5035 734 5103 quotis
755 5035 835 5088 modo
858 5036 980 5090 alienam
996 5041 1024 5090 et

214 5112 343 5172 prutenos
360 5117 452 5159 νονιινι
468 5102 571 5154 solacio
586 5101 714 5171 privare:
732 5110 758 5154 et
775 5103 960 5156 conversiones
976 5119 1022 5156 ra·

219 5170 305 5221 liariter
322 5168 376 5237 leqi
393 5168 553 5231 collidimus,
579 5168 654 5237 qeeod
670 5178 738 5247 post
763 5169 817 5221 tate
837 5171 944 5238 ίαοίιινι
966 5187 1022 5223 nora

217 5241 342 5297 seruator
364 5236 447 5288 uteriui
470 5236 632 5306 appellatio,
655 5252 677 5288 o
696 5252 751 5288 reon
763 5252 818 5307 per
833 5237 956 5314 sinqulos
973 5255 1022 5290 an-

218 5318 269 5356 nes·
294 5302 390 5359 datur,
414 5301 462 5355 secl
486 5303 567 5356 soeret
591 5302 683 5355 datum
703 5301 799 5356 danda
812 5311 925 5373 penetres
937 5305 1020 5375 perit.

219 5375 234 5421 2
269 5370 354 5432 Quiane
376 5369 461 5439 leqem
484 5369 572 5422 denno
595 5385 655 5422 ctcrn
677 5369 794 5438 qreaclarn
814 5371 963 5424 adiectione
980 5389 1021 5425 re-

218 5444 348 5491 novantes
363 5438 506 5499 saracirnns,
524 5444 563 5499 ut,
579 5438 604 5488 si
620 5436 681 5505 qrcie
697 5437 928 5491 ‹teretissineorunr
944 5454 1021 5491 oeco-

218 5519 357 5556 nomorum
380 5505 422 5557 oet
440 5501 663 5557 cenodoelaornun
686 5504 728 5559 rel
751 5520 957 5558 nosocomorum
980 5504 1022 5559 eel

216 5570 479 5640 ploctsetroplunuun
502 5571 543 5623 eet
563 5580 816 5640 peroratocornorurn
843 5572 884 5626 vel
906 5572 1021 5642 brepho-

1019 252 1062 325 38

448 3726 795 3733 .....--——--——-.-—-
803 3726 833 3732 --
844 3723 1164 3733 ----.—-——·-—.--u
1190 3724 1255 3732 —
1261 3725 1336 3731 ——-
1354 3726 1357 3731 .
1589 3728 1597 3732 -
1603 3727 1639 3733 —-
1648 3728 1651 3732 -
1660 3727 1682 3733 ..-

1048 3796 1081 3859 (a)
1098 3807 1117 3857 1,
1135 3807 1156 3859 a,
1169 3805 1206 3857 nc,
1222 3807 1243 3847 a.
1261 3808 1280 3861 ι,
1295 3807 1355 3858 raa

430 4005 465 4010 —
471 4004 678 4013 -2—-0—--n
1005 4003 1043 4011 οσ-
1050 4003 1065 4011 u·
1077 4004 1088 4010 ιι
1096 4004 1100 4009 ι

245 4018 351 4025 ..-.›-—--—
647 4018 1034 4027 .---—-a-——-—.—..-.-—--·--
1040 4015 1060 4024 -ο,
1081 4016 1255 4025 ..n———u--n-

1642 271 1688 322 DE
1708 272 1878 323 uetscoels

1069 438 1191 493 λούντων
1213 442 1379 511 ἐκφέροντες,
1404 437 1452 506 ούχ
1472 436 1514 492 ότι
1532 444 1590 492 ταῖς
1608 434 1732 506 αόξύσεσι
1749 444 1880 509 χαίρομεν

1069 510 1127 560 τῶν
1144 510 1250 560 ποινῶν
1268 505 1356 568 tolita
1372 507 1423 580 γὰρ
1441 510 1503 575 ημῖν
1521 504 1606 559 οὕτως
1626 503 1661 558 ais
1678 506 1880 577 φιλανθρωπία

1069 574 1259 644 ιιαταθύμιον),
1285 572 1346 627 ἀλλ’
1375 579 1419 626 ἴνα
1446 577 1488 640 τῷ
1514 572 1566 626 δέει
1590 577 1636 641 τῆς
1661 582 1793 646 τιμωρίαε
1818 572 1881 626 τού-ε

1068 644 1124 710 αμα
1158 642 1233 693 τίνειν
1258 647 1456 715 προῃρημένους
1480 644 1529 695 τοῦ
1550 640 1622 709 πλημ
1634 640 1713 693 τελεῖν
1739 642 1881 711 είρξωμεν.

1073 716 1080 762 l
1116 662 1205 777 ’δόμεν
1226 716 1319 761 τοίνυν
1336 709 1488 790 γρόηάντεει
1511 707 1595 791 νόμον
1641 714 1727 781 ’γοντα
1744 708 1881 794 μηδεμίαν

1070 776 1138 829 είναι
1156 783 1311 847 παρρησίαν
1328 782 1384 829 acic
1400 797 1457 829 των
1474 797 1635 847 αγιωτατων
1649 775 1798 843 ἐκκλησιων
1811 796 1881 827 οικο-

1070 843 1160 910 νόμοις
1181 840 1198 909 ἢ
1220 848 1275 895 τοῖς
1298 846 1452 913 προεστῶσι
1475 843 1602 905 ξενωίἰον
1625 840 1641 909 ἢ
1664 849 1847 911 νοσοκομείων
1866 840 1883 908 ἢ·

1069 917 1214 974 πτωχείαν
1231 906 1247 976 ἢ
1262 919 1454 981 μοναστηρίων
1472 913 1525 963 εἴτε
1546 907 1655 981 ἀνδρῶν
1671 911 1725 962 εἴτε
1742 912 1884 982 γυναικῶν

1075 976 1086 992 “
1103 979 1161 1030 τῶν
1178 976 1269 1030 ἄλλων
1285 977 1493 1030 τῶντοιούτων
1511 978 1697 1046 συστημάτων,
1720 964 1760 1048 διν
1781 975 1798 1042 ἡ
1816 996 1883 1046 προ·

1070 999 1189 1166 Ξηιῖςούσα
1207 1043 1327 1126 διάηαξιι·
1342 1049 1485 1126 μέμνηται,
1502 1044 1536 1098 τὰ
1554 1043 1680 1111 διηνεκῶς
1698 1050 1787 1097 αὐτοῖς
1799 1065 1883 1096 κατα-

1130 1116 1235 1180 ιμμίνα,
1254 1132 1323 1182 απερ
1340 1112 1455 1165 αννόλια
1478 1112 1605 1165 καλοῦσιν
1620 1112 1646 1163 σι’
1663 1109 1749 1179 νόμοι,
1765 1112 1837 1163 aava
1855 1132 1883 1162 τι

1071 1178 1217 1249 σύμφωνον
1239 1175 1256 1245 ἢ
1272 1185 1380 1249 χρυσίου
1398 1176 1607 1249 διαπιπράσκων
1623 1180 1705 1248 ῥητοῦ
1728 1177 1884 1245 ἢέιιποιεῖν

1070 1246 1155 1300 ἄλλως
1172 1243 1240 1298 καθ’
1260 1244 1419 1312 οἱανδήποτε
1436 1247 1539 1318 τρόπον
1556 1251 1601 1297 καί
1622 1252 1677 1298 τοῖο
1695 1246 1787 1317 ίφεξῆι·
1805 1245 1883 1297 ἀναι-

1071 1320 1128 1384 ρεῖν
1145 1316 1194 1379 τὴν
1216 1313 1347 1366 ἐντεῦθεν
1370 1313 1541 1383 παραφνχην.
1581 1318 1625 1365 καί
1649 1312 1709 1366 roris
1726 1319 1885 1381 aspiraveras

1070 1384 1111 1448 τῷ
1135 1382 1210 1448 νόμῳ
1234 1381 1470 1465 προστεθείκαμεν
1491 1380 1643 1451 λογισμούς,
1667 1378 1703 1432 ais
1724 1378 1813 1432 ούιιέτι
1836 1378 1885 1431 διὰ

1071 1447 1172 1514 ταύτην
1181 1448 1232 1513 την
1242 1452 1390 1520 ἐγχείρησιν
1397 1444 1460 1500 ουδὲ
1475 1450 1522 1501 τ’·
1538 1453 1716 1519 προσηγορίας
1732 1451 1782 1500 τοῦ
1800 1445 1884 1499 ἄννα-

1072 1515 1129 1568 λίου
1156 1518 1321 1582 σωζομένην,
1347 1517 1371 1566 εί
1395 1514 1427 1583 μ’
1477 1520 1492 1567 ε’
1538 1536 1547 1566 ι
1569 1512 1698 1567 δίδοσθαι
1722 1512 1786 1567 κατ’
1814 1516 1885 1577 ἔτος,

1071 1580 1136 1634 ἄλλα
1153 1582 1221 1654 arpos
1237 1578 1312 1643 ἅπαξ
1328 1536 1571 1665 καταμληθίνείτα
1588 1580 1695 1634 τελείως
1712 1580 1885 1644 ἐξαπόλοιτο.

1072 1656 1087 1703 2
1125 1651 1225 1701 Τοῦτον
1243 1641 1408 1717 altaspata
1424 1667 1497 1701 τινοε
1514 1649 1671 1719 προσθηκηι·
1687 1643 1885 1718 ἀνανεούμενοι

1071 1716 1120 1768 τόν
1137 1716 1223 1784 νόμον
1240 1718 1416 1780 θεσπίζομεν,
1443 1716 1471 1768 ei'
1492 1733 1532 1768 τιι
1554 1714 1570 1796 η
1592 1719 1651 1768 τῶν
1674 1713 1886 1785 εύλαβεστὰταεν

1072 1782 1222 1850 οἰκονόμων
1238 1779 1255 1848 ἢ
1273 1782 1425 1849 ξενοδόχοιν
1442 1780 1459 1850 ἢ
1475 1779 1660 1853 νοσοκομοενῆ
1677 1783 1887 1855 πτωχστρόφων

1072 1848 1088 1935 η
1113 1849 1317 1921 γεροντοιιόμων
1340 1848 1356 1916 ἢ
1378 1849 1577 1923 βρεφοτρόφων
1600 1846 1886 1921 ἢόρφανοτρόφωνῆ

1072 1915 1291 1989 αρχιμανδριτοῖν
1313 1914 1329 1983 ἢ
1351 1921 1409 1970 τοῖν
1432 1917 1522 1971 ἄλλων
1545 1920 1604 1971 τῶν
1626 1923 1827 1989 περιεχομένων
1849 1918 1886 1983 τῆ

1073 1990 1192 2055 προτέρᾳ
1210 1982 1286 2051 ἡμῶν
1303 1986 1369 2051 θείᾳ
1387 1982 1505 2047 διατάξει
1524 1980 1682 2057 προσώπων
1698 1986 1730 2037 τό
1754 1972 1886 2051 denuncio

1073 2051 1259 2120 καταλειφθὲν
1279 2057 1334 2104 τοῖς
1360 2047 1482 2124 εύαγίσιν
1507 2054 1599 2115 οἴκοιο,
1626 2041 1667 2103 ὧν
1692 2051 1885 2123 προΐστανται,

1073 2121 1126 2171 εἴτε
1153 2124 1183 2169 tr
1207 2124 1307 2187 χρυσίω
1333 2119 1386 2171 εἴτε
1409 2123 1439 2172 έν
1464 2118 1551 2172 ἄλλοις
1577 2119 1715 2190 πράγμασι
1736 2140 1780 2173 πει
1801 2118 1885 2182 αθείη

1073 2187 1209 2254 μεθιστᾶν
1232 2187 1268 2237 eis
1290 2184 1322 2238 τό
1348 2187 1385 2255 μὴ
1411 2186 1499 2238 δοκεῖν
1516 2186 1585 2238 εἶναι
1609 2184 1733 2251 διηνεκές,
1756 2181 1772 2237 ό
1792 2182 1818 2238 λ’
1838 2190 1884 2239 ἐπί

1074 2250 1227 2305 διαλύσεσιν
1248 2249 1264 2316 ἢ
1286 2249 1419 2324 πράσεσιν
1441 2255 1457 2319 ἦ
1479 2271 1552 2305 τισιν
1574 2250 1666 2306 illan
1687 2258 1819 2322 μηχαναῖς
1834 2255 1886 2305 τοῦ

1074 2320 1191 2385 διηνεκὲς
1208 2314 1274 2371 αύτό
1290 2325 1382 2387 μένειν
1400 2324 1502 2374 παῦσαι
1519 2321 1665 2389 πειραθείη
1682 2320 1756 2389 παρὰ
1770 2320 1822 2386 τὴν
1839 2317 1884 2372 δύ·

1073 2407 1157 2455 ναμιν
1174 2388 1221 2438 τοῦ
1239 2384 1307 2465 παρ’
1327 2386 1404 2455 ἡμῶν
1418 2386 1468 2454 ilo
1482 2386 1658 2458 φωνήσαντος
1671 2390 1716 2440 ἐπὶ
1733 2390 1789 2440 τοῖς
1798 2386 1885 2440 τοιού·

1073 2472 1128 2507 aare
1154 2455 1232 2506 θείου
1257 2474 1354 2521 νομου,
1379 2424 1513 2523 μηδεμίαν
1534 2457 1604 2518 ἔχειν
1626 2454 1765 2508 παντελῶς
1786 2451 1886 2506 ἄδειαν

1073 2523 1153 2574 τοῦτο
1176 2525 1272 2582 ποιεῖν,
1299 2520 1378 2585 ἄλλοί,
1401 2519 1451 2574 κόν
1469 2523 1493 2572 εί
1510 2521 1626 2591 πράξειε,
1649 2521 1747 2592 ἂιινρον
1764 2522 1835 2574 εἶναι
1852 2520 1886 2574 τό

1073 2586 1218 2660 γενόμενον
1235 2593 1279 2639 καί
1297 2586 1391 2641 ἄδειαν
1409 2590 1477 2640 είναι
1500 2592 1540 2655 τῷ
1557 2585 1618 2653 μετ’
1638 2584 1722 2641 αὐτόν
1739 2591 1785 2654 τῆς
1804 2585 1886 2653 αὐτῆς

1073 2653 1278 2723 όντιίηφομίνῳ
1296 2654 1437 2726 φροντίδος
1453 2654 1469 2721 ἢ
1486 2662 1531 2708 ιιαὶ
1548 2656 1644 2707 τούτου
1665 2656 1885 2727 ῥαθυμησαιπσε,

1075 2720 1111 2776 ais
1136 2724 1211 2784 einos,
1238 2723 1298 2775 τοὺς
1324 2723 1416 2789 ἑφεξῆς
1438 2719 1562 2775 ἅπαντας
1584 2722 1667 2775 εύθύε
1683 2707 1885 2775 όναιιαλεῖσθαι

1074 2790 1107 2842 τό
1142 2789 1269 2870 ενόμενον
1286 2795 1330 2841 καὶ
1348 2786 1434 2842 ούτωε
1450 2794 1548 2861 ἁκνρον
1565 2786 1736 2859 ἀποφαίνειν,
1754 2792 1792 2842 ωε
1808 2786 1844 2842 (ἲν
1863 2792 1887 2841 εί

1073 2809 1142 2926 μηδί·
1167 2876 1217 2922 την
1243 2854 1326 2935 ἀρχὴν
1344 2860 1420 2920 ἔτυχε
1446 2855 1598 2925 προελθόν,
1625 2852 1696 2909 ὥστε
1713 2862 1757 2909 καί
1774 2856 1837 2909 τούς
1855 2861 1887 2908 ἐν

1074 2928 1149 2992 με’σιρ
1175 2942 1293 3002 napaeas
1318 2929 1363 2975 καί
1388 2925 1481 2976 τόκοι-ι·
1502 2928 1547 2975 καί
1569 2926 1661 2977 πᾶσαν
1682 2920 1817 2994 ὠφέλειαν
1838 2927 1887 2977 ἐπὶ

1075 2989 1125 3043 τόν
1142 2986 1223 3061 εόαγη
1239 2992 1373 3061 φέρεσθαι
1391 2990 1500 3044 πάντων
1516 2991 1598 3053 οίιιον,
1615 2993 1674 3042 τῶν
1691 2995 1721 3042 ἐν
1731 2997 1806 3059 μέσῳ
1824 2991 1886 3043 τολ-

1076 3065 1090 3111 3
1124 3058 1273 3124 μηθίντοιν
1289 3056 1357 3109 κατὰ
1374 3057 1465 3111 πάντα
1482 3057 1585 3127 τρόπον
1602 3052 1766 3139 ἀργούντων.
1791 3056 1886 3131 Ἀνδρὶ

1073 3127 1124 3192 μὲν
1145 3124 1196 3196 γὰρ
1219 3124 1323 3189 ἑκάστῳ
1346 3122 1443 3196 δρόμοι
1464 3124 1499 3176 ele
1522 3129 1578 3176 ἐστι
1600 3145 1648 3175 τον
1665 3131 1726 3207 μίαν
1743 3125 1885 3197 respirari

1075 3190 1234 3274 δημιουργοῦ
1253 3188 1400 3257 δεδομένος,
1418 3180 1450 3245 ού
1466 3190 1540 3243 τέλος
1557 3195 1614 3243 ἐστὶ
1636 3209 1745 3245 παντως
1761 3194 1776 3244 ό
1795 3191 1886 3246 θύνα·

1074 3275 1131 3310 τοτ’
1155 3274 1209 3310 τοις
1235 3255 1265 3310 δι’·
1290 3258 1413 3330 εύαγέσιν
1429 3259 1509 3311 οἴκοις
1530 3263 1575 3310 καί
1598 3265 1656 3311 ταῖς
1677 3260 1770 3311 αὐτῶν
1785 3260 1885 3312 συστά-

1075 3343 1150 3377 σεσιν
1170 3321 1351 3391 &salaminon
1372 3321 1426 3378 ὑπὸ
1448 3328 1497 3378 τοῦ
1519 3326 1588 3378 θεοῦ
1610 3324 1820 3405 φυλαττόμενον
1837 3324 1886 3379 oia

1074 3395 1180 3444 ίνεστιν
1202 3390 1265 3444 οὐδὲ
1286 3393 1356 3444 κατὰ
1377 3393 1425 3446 τὰς
1446 3394 1549 3458 micare
1572 3394 1725 3465 ἐπαγεσθαί
1746 3414 1773 3445 τι
1791 3400 1885 3465 πίραε,

1073 3456 1133 3511 ἀλλ’
1153 3463 1203 3511 ἕως
1220 3458 1254 3510 όν
1272 3456 1438 3526 διαμένωσιν
1454 3460 1482 3512 οἱ
1503 3456 1604 3541 εύαγεῖε
1625 3461 1692 3512 alnos
1710 3467 1830 3528 ίμίνονσι
1854 3461 1886 3514 δὲ

1074 3528 1134 3597 όχρι
1152 3525 1255 3579 παντόι·
1271 3532 1315 3577 καί
1332 3532 1408 3597 μέχρι
1424 3547 1455 3599 γε
1473 3524 1553 3579 neiron
1570 3530 1620 3579 τοῦ
1635 3530 1693 3579 τῶν
1713 3529 1826 3580 αἰώνων
1841 3534 1885 3581 τί·

1075 3592 1146 3656 leus,
1169 3595 1220 3644 aas
1240 3580 1270 3644 ού
1288 3593 1320 3645 τό
1338 3596 1514 3663 Χριστιανῶν
1531 3593 1616 3660 ὄνομα
1635 3592 1702 3665 παρ’
1722 3592 1887 3667 ἀνθρώποιο

1748 3727 1880 3736 --—--.

1463 3797 1495 3860 it)
1514 3816 1534 3847 c.
1550 3809 1577 3849 55
1592 3808 1659 3848 extat
1673 3800 1697 3847 in
1711 3798 1769 3848 Coll.
1784 3810 1808 3849 et
1826 3800 1886 3851 inda

1480 4018 1485 4025 .
1516 4019 1521 4025 .
1527 4018 1532 4025 .
1538 4005 1883 4029 u..-···-·······.·.·.:t·.·.:·:

1075 4103 1164 4150 tarum
1181 4095 1408 4174 reliquorumque,
1431 4097 1479 4167 qni
1500 4097 1638 4152 astatore
1653 4114 1734 4153 saera
1752 4100 1885 4155 carnatu-

1075 4164 1148 4218 tioue
1166 4170 1261 4216 nostro
1279 4169 1459 4228 coattestantur,
1476 4164 1513 4228 id,
1531 4164 1606 4234 quad
1618 4173 1753 4237 perpetuo
1771 4184 1885 4222 stercera-

1074 4230 1171 4285 ln'libus
1197 4230 1319 4284 domibus·
1343 4247 1413 4301 qrcas
1437 4242 1534 4301 repunt
1559 4231 1680 4286 relietum
1697 4242 1747 4294 est,
1771 4235 1829 4288 ειύε
1852 4237 1885 4289 ira

1074 4313 1170 4351 aarum
1192 4297 1248 4351 sine
1275 4298 1304 4349 in
1326 4298 1397 4350 alias
1412 4315 1457 4353 res
1473 4306 1578 4353 mertare
1595 4308 1710 4353 coriatus
1724 4302 1825 4371 ssent,
1851 4313 1887 4357 nt

1073 4381 1130 4418 non
1155 4364 1279 4419 rideatur
1300 4373 1461 4435 perpetuum
1484 4382 1555 4428 esse,
1579 4366 1629 4419 aed
1652 4368 1885 4424 damnationibus

1073 4431 1116 4486 vel
1139 4430 1336 4486 venditionibus
1361 4430 1404 4485 vel
1427 4433 1489 4486 aliis
1513 4431 1757 4488 rnachiuationibus
1783 4444 1885 4491 contra

1073 4498 1125 4553 υίαι
1147 4514 1244 4552 saone
1266 4499 1408 4569 reptatam
1431 4517 1449 4552 ιι
1471 4499 1549 4552 erodis
1568 4501 1696 4555 ualemus
1715 4502 1781 4555 tatia
1798 4518 1883 4557 cona-

1072 4566 1146 4619 mina
1172 4566 1284 4619 emissae
1312 4567 1421 4684 efficere
1447 4567 1629 4637 temptauerit,
1661 4574 1690 4621 nt
1715 4586 1738 4646 μ
1789 4577 1884 4624 etunm

1073 4649 1131 4687 esse
1147 4631 1267 4695 denerat,
1292 4634 1394 4686 ructarn
1421 4635 1530 4687 orrerrino
1554 4634 1688 4688 licentium
1711 4635 1741 4687 ut
1774 4636 1884 4690 ασιέιιιίί

1073 4698 1179 4764 trabem,
1196 4700 1253 4763 secl,
1276 4699 1338 4754 licet
1349 4701 1465 4778 feeerit,
1486 4701 1594 4770 [aetion
1610 4701 1716 4755 irritum
1733 4709 1770 4757 at
1786 4702 1883 4758 liceat-

1073 4782 1125 4837 que
1141 4768 1175 4831 ei,
1219 4767 1248 4819 ui
1259 4775 1327 4839 post
1343 4767 1419 4821 alteus
1436 4767 1547 4821 eandem
1565 4784 1657 4821 ουεουι
1674 4770 1816 4840 susoplet,
1839 4772 1885 4827 οεί

1071 4834 1109 4898 si,
1134 4843 1165 4887 ut
1186 4784 1233 4912 γίί,
1260 4836 1340 4887 etiarn
1365 4833 1409 4888 laic
1425 4835 1589 4905 neplexoit,
1614 4835 1736 4890 emulus
1752 4834 1884 4911 deinceps

1072 4901 1163 4955 statim
1180 4901 1211 4953 nt
1231 4901 1306 4971 quod
1326 4910 1430 4971 pastum
1447 4909 1488 4955 est
1508 4918 1636 4957 reuocare
1658 4910 1685 4957 et
1705 4904 1745 4957 sie
1762 4902 1800 4956 od
1816 4906 1882 4958 irri-

1074 4975 1128 5022 tum
1146 4966 1284 5033 deducere,
1302 4969 1382 5037 quasi
1398 4986 1484 5038 rupere
1500 4968 1534 5022 ab
1551 4968 1629 5022 ιἰιὲίίο
1649 4970 1832 5037 intervenerit,
1850 4983 1884 5028 ut

1072 5037 1152 5090 etiam
1178 5034 1258 5088 medii
1284 5042 1333 5089 tent
1355 5035 1412 5089 oris
1435 5037 1546 5105 senectus
1571 5045 1599 5090 et
1618 5053 1718 5090 ιωιινοε
1741 5044 1770 5091 et
1790 5041 1884 5094 οαιιιίε

1072 5103 1177 5156 entitas
1199 5102 1323 5155 υειιενοίιί
1334 5120 1342 5155 ι
1366 5100 1446 5156 dorne
1464 5103 1548 5174 plene
1572 5104 1738 5172 inferantur,
1760 5110 1884 5175 atquae

1071 5169 1159 5223 medio
1190 5177 1309 5240 tempore
1336 5177 1452 5241 patrata
1485 5177 1549 5224 nent
1578 5170 1729 5226 ornrnmodo
1766 5186 1881 5229 cessent.

1072 5242 1087 5291 3
1126 5234 1272 5305 Unicuique
1289 5237 1359 5291 enirn
1375 5236 1478 5291 ίιοιιιίιιί
1494 5253 1565 5291 unae
1576 5239 1648 5292 ottae
1660 5253 1757 5293 οιινσιιε
1773 5256 1791 5292 a
1801 5256 1881 5295 crea-

1072 5311 1131 5358 tore
1147 5302 1228 5356 aliatus
1245 5309 1294 5368 est,
1311 5305 1387 5357 cuius
1400 5303 1467 5373 finis
1483 5305 1592 5358 οιιιιιίιιο
1609 5311 1751 5359 moreest:
1767 5322 1882 5363 ναιετα-

1071 5369 1168 5424 bilibres
1190 5378 1279 5424 autern
1301 5370 1423 5425 δονιίίιιιε
1444 5387 1589 5442 eoumque
1611 5373 1882 5443 concrepationibus,

1070 5454 1142 5508 quae
1157 5437 1322 5493 irurnortales
1338 5437 1387 5492 aab
1405 5438 1455 5492 deo
1477 5438 1681 5497 mereamur.
1703 5456 1760 5493 ιιοιι
1781 5456 1881 5496 conw-

1070 5504 1112 5558 nit
1125 5505 1207 5573 fircera
1223 5505 1362 5576 imponere
1377 5522 1411 5560 ne
1426 5506 1456 5558 in
1467 5505 1814 5576 personantem-atem,
1830 5509 1882 5563 sea

1070 5571 1164 5642 quoad
1184 5571 1286 5627 aaron
1307 5571 1471 5628 maanus
1491 5571 1589 5627 ιίοιιιιισ
1603 5572 1722 5639 (dmnt
1740 5581 1832 5629 οιιίοιιι
1849 5577 1881 5630 in

219 5637 377 5711 tropicarum
395 5638 437 5693 oet
456 5632 741 5709 orplucnotrrqurornrn
765 5639 806 5693 erl
826 5638 1020 5693 arelrirnarubi-
1065 5646 1229 5713 perpetuum
1253 5649 1281 5694 et
1304 5656 1390 5711 aeque
1414 5640 1452 5694 σί
1474 5639 1564 5711 ε’μειιοι
1587 5640 1759 5697 sacedotum
1782 5642 1880 5713 Ιίιιειιι,
