3832 6126
1589 258 1622 325 X
1645 260 1768 325 19-22

106 269 151 318 nr
171 236 524 323 smmisumosmns
908 251 972 325 445

118 440 138 490 e
171 434 226 503 τὴν
250 431 267 490 n't
289 442 442 560 αρισριένην
467 431 544 505 sitq?
564 438 754 510 παραμυθίαν.
786 438 913 510 Ἐνδομιι·
964 439 1140 495 cohibendam
1171 439 1286 508 placuit,
1320 442 1381 494 ut¹²
1409 440 1614 510 descriptiones,
1646 440 1671 496 ei
1702 456 1769 511 qnae

171 504 235 558 τινὰ
278 511 406 574 δμηειι
432 505 608 575 λαμβανέτω,
634 504 770 578 ἀλλὰνιιι
793 508 913 562 αὐτὰτὰ
963 522 1012 577 per
1028 509 1147 575 singulos
1166 508 1272 562 ordines
1287 509 1442 576 cogentibus
1458 509 1569 564 diverais
1582 509 1696 577 negotiis
1709 511 1769 576 agi-

119 577 136 625 't
172 571 261 642 ὄνομα
283 573 425 628 παντελῶς
446 571 652 644 ἂπιιλνιφέσθο.
697 577 733 628 Εἰ
753 575 784 630 δι’
800 576 869 630 κατά
886 598 913 630 τι
964 583 1069 642 tantur,
1096 593 1150 630 non
1176 583 1283 629 sumant
1308 581 1370 630 ante
1393 577 1564 646 principium,
1591 593 1671 646 qaam
1696 577 1770 646 apud

171 643 351 714 παραβαθαιη
365 644 400 694 τὰ
414 643 650 711 stuprantem,
668 645 836 710 πεντήκοντα
854 665 913 715 χρυ·
963 651 1025 698 acta
1042 644 1237 713 provinciarum
1256 645 1403 699 rectoribus
1420 645 1576 700 intimentur
1589 651 1616 699 et
1629 660 1662 699 ex
1677 660 1770 699 eorum

172 716 234 761 aloa
250 708 339 780 λιτραὶ
357 713 495 778 (πιτίμιον
510 712 583 761 ἔσται
600 715 646 761 καὶ
662 711 730 764 κατὰ
747 716 793 778 τῆς
813 710 913 775 τάξεως
966 718 977 766 i
1020 712 1121 766 fuerint
1151 718 1276 778 receptae
1307 713 1445 766 sententiis
1453 714 1483 766 ¹³.
1532 712 1584 766 Sed
1612 718 1640 766 et
1664 728 1769 775 aurum,

170 779 232 828 τῶν
248 779 374 848 ἐπάρχων
391 781 436 829 καὶ
449 775 518 831 κατὰ
532 778 591 830 τῶν
604 774 746 846 ἀρχόντων
759 783 818 833 τῶν
832 784 912 851 tiraq·
963 780 1035 848 qnod
1058 795 1091 833 ex
1115 779 1267 833 huiusmodi
1290 780 1487 834 contributione
1504 780 1644 849 redigitur,
1667 780 1707 834 iu
1724 780 1769 834 de·

170 847 242 908 χιῶν
257 850 303 897 ναὶ
319 847 379 897 τῶν
395 845 500 907 τάξεων
518 841 611 897 arnna
628 847 760 900 καὶκατὰ
779 851 838 901 τῶν
861 846 912 900 λοι·
964 848 1010 901 bot
1032 863 1094 901 susc
1129 848 1183 899 tori
1206 847 1312 901 auraria
1339 848 1502 915 consignari,
1526 853 1557 901 ut
1579 848 1770 901 securitatibus

172 915 236 964 πῶν
253 914 312 965 τῶν
328 911 547 980 inpurissimae
564 913 731 985 προσώπων.
898 912 906 931 ’
963 862 1222 980 comminitans,
1237 915 1295 968 dios
1309 917 1403 969 consul
1418 915 1516 969 mensis
1530 931 1613 970 causa
1626 923 1653 968 et
1667 930 1770 969 samma

106 977 137 1032 b.
158 994 207 1033 ιιι
222 980 248 1033 Ιι.
268 983 350 1053 Λιιρ.ι
367 980 457 1056 Parate
475 997 513 1034 ac.
533 996 605 1034 coiis.
799 989 833 1049 [a.
853 987 912 1047 496)
964 982 1217 1051 comprehendatur,
1236 999 1288 1050 qao
1307 992 1334 1036 et
1351 983 1536 1051 descriptionis
1554 984 1674 1050 aequitas
1692 983 1769 1036 illas·

138 1046 179 1105 te
198 1044 252 1113 ²[‘t)
273 1046 354 1100 aisis
374 1048 517 1116 βασιιεύι.)
542 1087 548 1100 .
567 1086 573 1100 .
592 1086 598 1100 .
617 1087 624 1100 .
643 1053 812 1119 θεσπιζομεν
830 1089 837 1103 .
855 1091 862 1104 .
880 1089 887 1103 .
906 1089 912 1102 .
963 1058 1050 1104 tratur
1065 1058 1093 1103 et
1106 1049 1256 1117 descriptus
1271 1051 1436 1105 documentis
1451 1050 1617 1105 evidentibus
1632 1050 1769 1104 fulciatur.

170 1120 240 1184 Περὶ
256 1118 316 1167 τῶν
332 1114 562 1188 προσφαογόντων
578 1117 726 1177 ταξιαιτιῦν
743 1118 760 1185 ἢ
777 1118 912 1173 πολι-τωο·
963 1123 978 1171 2
1013 1117 1072 1171 Hoc
1094 1118 1173 1171 etiarn
1196 1119 1377 1182 observando,
1401 1124 1432 1171 ut
1452 1119 1512 1170 in¹⁴
1533 1118 1770 1186 quadrimenetruis

169 1188 270 1249 μένων,
293 1178 368 1235 ὅπως
390 1181 433 1235 dai
455 1179 551 1236 sisois
572 1180 752 1238 ἀπαιτεῖσθαι
770 1187 816 1239 τὰς
833 1184 912 1254 ‹ippo-
963 1200 1068 1254 qnoque
1086 1185 1219 1247 brevibus,
1238 1186 1285 1253 qui
1301 1186 1335 1239 ad
1353 1186 1528 1240 excellentiae
1544 1193 1608 1240 tune
1622 1185 1771 1239 officium¹⁵

170 1258 244 1302 σίοις
267 1252 308 1302 sia
345 1249 402 1321 ράς,
428 1257 512 1322 φησιν
534 1248 552 1318 ἡ
574 1250 694 1314 διάταξις
717 1253 912 1322 παρακελευσα-

168 1324 238 1385 μένη
260 1338 298 1385 μη
316 1323 365 1371 ἕνα
382 1318 563 1388 καταβάλλειν
580 1319 625 1372 ἐπ’
646 1318 804 1373 adsciscas
821 1339 912 1374 σοντε-

169 1385 251 1447 Aetne,
268 1388 292 1438 si
308 1385 353 1471 pq¹
363 1384 585 1506 &misianum
622 1390 668 1441 ἐπὶ
685 1389 736 1460 γὰρ
753 1390 814 1441 τοὺς
830 1406 912 1460 προσ·

169 1450 319 1523 φεύγοντας
336 1453 386 1518 qai
443 1470 456 1506 ς
475 1452 645 1526 κρύπτοντας
662 1456 769 1508 ἑαυτοὺς
785 1455 913 1524 οὐδεμίαν

168 1520 296 1588 βούλεται
322 1522 451 1593 γίνεσθαι
475 1520 551 1593 παρὰ
576 1525 634 1576 τῶν
657 1524 843 1577 amabatur
865 1520 910 1578 ἐπ’

169 1588 267 1642 αὐτοὺς
283 1587 446 1657 accepistin.

106 1654 132 1709 Ι),
141 1657 218 1729 pria
234 1657 370 1729 ΚΑΜ]
382 1657 505 1712 lanariae
522 1665 548 1711 et
561 1656 681 1713 Paulino
696 1675 782 1714 coriss.
808 1666 841 1724 [a.
852 1665 911 1725 498]

477 1797 541 1857 XX.

288 1896 335 1944 Dii
355 1895 728 1948 sornnaxso'rlorunos

134 1992 148 2049 1
174 1991 277 2112 ’impp
296 1994 432 2074 Arcadias
454 1995 641 2077 etullonarins
665 1998 720 2050 AA.
741 1995 911 2077 Apoltarlerp

106 2076 241 2114 nrocansa
287 2064 407 2131 Africae.
448 2063 582 2131 Quidquid
606 2066 677 2118 ultra
701 2065 819 2117 debitum
839 2064 911 2118 ebci-

106 2143 156 2182 'nm
183 2130 266 2182 fuerit
291 2146 308 2183 a
334 2130 479 2185 curialibus
507 2133 546 2184 vcl
573 2132 757 2186 cohortalibtts
783 2133 825 2185 vel
852 2133 911 2186 aliis

106 2198 286 2260 exactoribus,
310 2197 336 2250 in
359 2197 487 2265 duplum⁴
506 2208 627 2260 curatur,
652 2200 723 2268 qaod
741 2200 911 2268 provinciali·

106 2308 108 2315 .
149 2267 204 2318 bus
229 2266 335 2317 restitui
358 2267 482 2335 protinus
500 2268 641 2334 oportebit.
679 2269 725 2320 spi
745 2268 804 2334 qais
822 2276 910 2319 autern

106 2336 257 2385 exactorum
281 2333 324 2385 in⁸
346 2334 576 2401 superexactioais
598 2336 698 2388 crimen
715 2337 798 2388 fauerit
816 2335 910 2388 coufu-

106 2408 187 2463 atus,
216 2401 324 2520 cappati
341 2402 467 2482 periculo·
478 2403 611 2481 cupiditas
629 2404 687 2456 eius
705 2402 853 2483 amovenda
869 2408 910 2456 at-

106 2467 255 2589 ¹¹¹⁰tm⁰ii
274 2469 349 2589 ‘iii
367 2473 421 2589 ii
443 2485 519 2593 ii}
543 2470 912 2592 'trininitate

106 2550 355 2657 iniistianacinss:
413 2579 418 2589 ι
520 2580 525 2590 ’
798 2612 832 2670 [ιι.
852 2610 911 2670 400]

466 2745 546 2804 XXI.

106 2845 144 2892 >E
165 2843 349 2893 effraenis
367 2843 411 2893 ET
429 2844 681 2893 praraelitensis
703 2842 911 2897 Pleromatis

330 2911 551 2962 Taiaoroaum
569 2912 684 2961 CAUSA.

133 3009 145 3065 i
173 3007 255 3080 'Imp
276 3009 470 3064 Constantinus
491 3014 521 3063 A.
546 3009 584 3064 ad
605 3011 699 3080 Afras.
735 3009 790 3063 Res
810 3025 911 3076 eoram,

111 3079 142 3130 ui
172 3077 311 3130 fiscalibus
338 3077 433 3131 debitis
460 3093 509 3146 per
533 3079 727 3132 contumaciam
753 3078 912 3131 satisfacere

113 3145 241 3208 inerunt,
265 3145 462 3199 distrabantur:
489 3161 547 3198 com
569 3146 719 3199 aratoribus
744 3145 808 3198 data
829 3146 911 3198 tinni-

106 3219 157 3266 ate
180 3221 310 3280 perpetua
351 3212 494 3266 assidendi.
549 3219 568 3266 l.
588 3229 631 3267 rv
652 3214 677 3266 Ιι.
699 3213 760 3266 frisi.
784 3213 912 3266 Seraticar

106 3280 261 3334 innatantia
279 3289 306 3334 ct
354 3283 447 3334 eninm
466 3297 553 3334 cainss.
798 3286 831 3345 [a.
852 3285 910 3344 liti]

131 3344 154 3403 2
173 3345 276 3402 ”ruem
293 3351 325 3402 A.
342 3347 498 3401 Restituto·
511 3347 634 3418 praesidi
652 3348 804 3402 Sardiniae.
840 3349 911 3400 Satis

106 3415 134 3468 iit
165 3414 313 3470 debitorem
344 3430 512 3468 annonarum
544 3417 578 3469 ad
609 3416 729 3469 solvendi
764 3416 910 3469 necessita·

106 3498 152 3537 em
177 3498 210 3535 ca
230 3484 291 3536 ione
313 3483 453 3604 p‘ffaoram
477 3484 621 3537 conveniri.
659 3483 690 3537 I).
715 3498 771 3536 rm
792 3485 827 3536 iri.
847 3483 909 3537 flac.

106 3549 310 3650 Πιιςςυοιιὲοαι
352 3551 493 3604 bastantie
522 3565 552 3603 vr
572 3561 599 3605 et
624 3551 770 3606 Constante
792 3565 833 3604 ιιι
855 3554 909 3604 AA.

106 3633 188 3672 ronst.

462 3691 554 3748 XXII.

106 3789 147 3839 DE
174 3789 319 3839 teocius
345 3789 593 3907 PUiiliig{{lffiTM
607 3790 911 3839 DESClthTIONlBUS

134 3957 149 4014 l
181 3955 291 4028 '⁰Impp.
316 3955 457 4010 Honorius·
480 3966 507 4011 et
536 3956 703 4011 ibeodon'as
728 3957 784 4011 AA.
812 3957 911 4010 Antie-

963 1254 1125 1307 soilemniter
1148 1253 1309 1320 diriguntur,
1334 1255 1486 1307 celebratae
1508 1253 1695 1322 descriptionis
1714 1252 1770 1307 dis·

962 1321 1072 1389 punctio
1091 1320 1215 1379 societur.
1234 1328 1264 1373 ut
1281 1337 1372 1375 omnes
1381 1323 1400 1354 ¹⁸
1418 1329 1522 1376 vestrae
1533 1320 1770 1388 potestatisscien·

962 1389 1027 1441 tiam
1042 1388 1215 1442 formidantes
1229 1389 1295 1441 nihil
1309 1389 1344 1442 ad
1358 1389 1544 1442 relevationem
1557 1389 1719 1457 locupletum
1728 1393 1771 1441 at-

963 1462 978 1511 ³
1005 1471 1058 1524 qno
1071 1457 1180 1524 inopum
1196 1457 1339 1524 perniciem
1352 1457 1467 1510 audeant
1479 1460 1665 1525 pertemptare.
1692 1455 1770 1522 Quod

963 1527 990 1577 et
1011 1530 1076 1576 tnnc
1099 1523 1227 1591 optimam
1250 1530 1292 1577 est
1314 1525 1457 1587 castodffl,
1483 1524 1711 1578 camalucrstivae
1728 1523 1769 1577 ia·

963 1591 1077 1644 cultatcs
1095 1607 1127 1644 cx
1145 1591 1223 1645 bonis
1241 1592 1380 1645 cmialium
1399 1593 1489 1646 curiae
1507 1591 1672 1655 obvenerint,
1695 1597 1727 1644 ut
1742 1594 1771 1645 et

963 1660 1057 1727 inopes
1079 1665 1106 1712 et
1128 1659 1304 1727 locupletes¹⁷
1326 1660 1417 1713 fructu
1441 1660 1600 1728 provisionis
1623 1658 1770 1713 simillimae

964 1734 978 1779 t
1012 1727 1157 1794 potiantur.
1193 1727 1278 1793 Quam
1300 1726 1501 1808 dispositionem
1524 1727 1549 1780 si
1571 1727 1630 1795 qais
1652 1726 1770 1781 indicam

963 1795 1173 1848 numerariorum
1191 1795 1231 1847 vel
1253 1795 1392 1849 curabam
1415 1794 1589 1848 mutilandum
1607 1809 1666 1848 esse
1684 1793 1770 1848 medi-

963 1861 1045 1928 derit,
1075 1862 1286 1916 interminatioai
1316 1878 1395 1932 quam
1420 1870 1509 1917 vestm
1541 1863 1617 1917 sedes
1644 1863 1771 1916 statuerit

963 1930 1121 1984 subiacebit.
1162 1929 1195 1984 J).
1224 1945 1268 1983 vm
1292 1928 1319 1983 Ιι.
1344 1929 1418 2002 Sept.
1448 1930 1684 2001 Constantinopoli
1717 1929 1769 1983 Va·

963 2014 1031 2051 rane
1048 2013 1120 2051 cons.
1656 2003 1691 2062 [a.
1710 2001 1769 2060 tto]

997 2063 1017 2120 2
1043 2064 1154 2136 ''Impp
1180 2064 1346 2120 licentiosius
1366 2072 1394 2120 et
1416 2065 1623 2121 Valentinianus
1644 2067 1699 2119 AA.
1724 2064 1769 2118 Ca·

962 2132 1013 2187 teri
1031 2134 1196 2204 procuranti
1218 2134 1339 2203 Africae.
1380 2134 1467 2187 Semel
1489 2134 1661 2188 incantatam
1678 2133 1711 2185 de
1727 2147 1770 2186 re·

962 2201 1069 2254 fusione
1092 2216 1230 2254 muneram
1252 2201 1375 2255 amasam
1397 2202 1432 2254 ab
1454 2202 1506 2255 alio
1530 2202 1644 2256 iudice¹⁹
1665 2216 1721 2254 non
1737 2201 1770 2253 li·

962 2275 1022 2320 eost
1036 2268 1166 2323 refricari.
1200 2275 1227 2322 et
1243 2269 1304 2323 ideo
1321 2270 1502 2337 spectabilitas
1517 2277 1565 2323 tna
1579 2267 1770 2323 saluberrimae

963 2350 995 2389 sc
1013 2336 1174 2389 iustissimae
1191 2337 1387 2405 praeceptionis
1404 2337 1515 2390 formam
1533 2345 1628 2391 secata
1645 2336 1770 2405 prohibe·

963 2404 1002 2457 bit
1025 2403 1052 2456 in
1075 2411 1210 2470 posterum
1229 2419 1275 2457 eos
1298 2405 1333 2456 ad
1356 2404 1547 2458 discussionem
1565 2404 1696 2458 transacti
1713 2420 1770 2456 ma·

962 2472 1034 2524 neris
1057 2472 1216 2538 constringi,
1241 2488 1308 2552 quos
1332 2472 1428 2525 claruit
1450 2474 1593 2540 accepta²⁰
1619 2471 1770 2526 secumtatis

962 2539 1141 2606 prosperitate
1164 2539 1266 2592 laetam.
1309 2539 1341 2592 [a.
1366 2539 1427 2592 rit.
1447 2539 1512 2594 tini.
1537 2539 1684 2594 Itaaennac
1706 2544 1772 2609 post

963 2607 1134 2659 centuriatum
1153 2607 1251 2659 t‘cticis
1268 2614 1295 2660 et
1313 2606 1403 2660 Tarni.
1656 2612 1690 2670 [a.
1710 2610 1769 2669 aaa]

997 2671 1016 2729 :i
1042 2673 1108 2743 imp.
1133 2672 1293 2727 Marcianus
1310 2675 1341 2728 A.
1362 2675 1539 2728 Constantino
1558 2692 1579 2744 p
1602 2717 1608 2728 .
1644 2674 1769 2741 Quicum·

963 2757 1014 2809 quc
1037 2742 1070 2793 de
1093 2741 1299 2808 provincialibus
1322 2748 1349 2795 et
1372 2743 1547 2796 collatoribus
1583 2757 1677 2796 ecurso
1714 2745 1769 2795 ost-

962 2809 1014 2862 bac
1041 2809 1207 2875 quantolibet
1233 2824 1362 2863 annornm
1392 2825 1515 2874 numero,
1551 2826 1612 2863 cum
1646 2757 1769 2877 protetio

963 2878 1052 2944 aliqua
1067 2877 1102 2929 ab
1115 2892 1146 2929 eo
1159 2877 1316 2930 tributariae
1331 2878 1471 2930 solutionis
1484 2878 1647 2945 exposcitur,
1661 2877 1770 2930 trium²¹

963 2946 1162 2997 cohaerentium
1186 2945 1238 2997 sibi
1260 2960 1389 2998 annorum
1413 2946 1533 3012 apochas
1559 2945 1770 3010 securitatesque

962 3011 1112 3079 protulerit,
1135 3011 1302 3079 superiorum
1319 3016 1467 3081 temporum
1485 3013 1602 3080 apochas
1619 3028 1673 3065 noa
1690 3026 1769 3076 coga-

963 3088 1008 3132 tur
1034 3079 1186 3144 osteudere,
1218 3095 1304 3147 neque
1334 3081 1366 3133 tio
1392 3081 1536 3147 praeterito
1564 3080 1598 3131 ad
1624 3079 1770 3132 lintionem

962 3147 1107 3200 functionis
1124 3147 1284 3200 tributariae
1301 3155 1445 3206 coartetur,
1464 3148 1515 3200 nisi
1530 3147 1600 3200 forte
1617 3155 1665 3200 aut
1682 3147 1770 3199 curia·

963 3216 994 3267 iis
1017 3221 1065 3267 aut
1089 3215 1248 3282 quicumque
1269 3215 1409 3283 apparitor
1425 3215 1464 3267 vei
1483 3217 1556 3284 optio
1575 3215 1616 3268 vel
1633 3213 1770 3267 actuarias

963 3283 1002 3334 vel
1029 3283 1140 3349 quilibet
1164 3283 1264 3350 publici
1289 3284 1370 3335 debiti
1396 3291 1506 3336 exactor
1533 3283 1587 3336 sive
1618 3281 1771 3349 compulsor

963 3366 1146 3417 possessorum
1163 3351 1204 3402 vel
1222 3350 1379 3403 collatorum
1398 3352 1522 3403 babuerit
1542 3351 1700 3411 cautionem,
1723 3355 1771 3401 aut

962 3419 989 3470 id
1007 3418 1078 3496 quod
1096 3417 1217 3485 deposcit
1234 3417 1324 3471 deberi
1342 3418 1393 3471 sibi
1412 3418 1554 3471 manifesta
1571 3427 1705 3484 gestorum
1722 3415 1770 3473 ad·

962 3490 1078 3539 cernone
1095 3486 1261 3552 patefecerit.
1297 3484 1330 3538 D.
1351 3500 1392 3538 rv
1410 3485 1436 3538 t.
1456 3489 1523 3556 Aup.
1550 3485 1658 3538 i'arane
1681 3493 1708 3538 at
1725 3482 1771 3537 Io·

962 3552 1052 3605 lrannc
1069 3569 1155 3605 conss.
1657 3557 1691 3617 [a.
1710 3555 1769 3614 456]

996 3619 1016 3676 4
1035 3616 1090 3671 22‘0
1106 3619 1143 3687 μὴ
1162 3621 1347 3692 προσθέμενοι
1369 3625 1428 3672 ταῖς
1448 3617 1560 3684 ἀποχαῖς
1581 3619 1614 3672 τό
1638 3622 1696 3671 τῶν
1718 3621 1769 3670 iau·

1029 3691 1088 3758 γιῡν
1104 3687 1192 3739 ποσὸν
1209 3685 1236 3738 κ’
1257 3687 1348 3757 λίτρας
1364 3695 1471 3759 χρυσίου
1488 3691 1670 3756 προστιμᾶται
1678 3688 1708 3737 ²³.

996 3755 1018 3809 5.
1033 3755 1074 3816 (4)
1099 3754 1191 3825 ²‘Imp
1217 3753 1386 3808 lucuniensis·
1408 3757 1439 3808 A.
1458 3754 1555 3808 Meam*
1574 3773 1623 3826 pp.
1664 3753 1770 3808 Securi·

962 3823 1078 3883 tatibus,
1104 3838 1172 3889 quaa
1194 3823 1361 3891 publicarum
1380 3823 1547 3876 functionum
1566 3824 1653 3889 gratia
1670 3823 1725 3874 sire
1743 3823 1771 3876 in

962 3890 1076 3945 solidum
1102 3891 1158 3942 sive
1184 3906 1217 3943 ex
1243 3897 1320 3957 parte
1346 3891 1451 3943 solatae
1474 3905 1533 3943 osae
1556 3890 1770 3952 conscribuntur,

962 3959 1061 4011 nullam
1085 3959 1267 4026 exceptionem
1290 3974 1344 4011 non
1366 3964 1523 4011 numeratae
1545 3959 1676 4024 pecuniae
1694 3958 1770 4025 peni-

106 4025 153 4078 ιιιό
172 4043 223 4096 pp.
262 4024 306 4077 Aa
329 4025 485 4078 inferiorum
507 4025 647 4078 camaliam
674 4025 829 4078 relevandas
856 4026 911 4079 for·
962 4034 1039 4080 tuso
1060 4025 1122 4093 poni
1141 4026 1319 4079 concedimus.
1356 4016 1512 4079 Ι).Ιι·.1ιιιὶ.
1533 4023 1771 4095 tbnstantinapati

106 4108 180 4146 unas
198 4100 226 4145 et
242 4091 442 4160 impressionem
464 4093 613 4162 potentiam
629 4093 722 4146 itidem
741 4092 912 4146 οιιιίιΙίιιιιιιι
961 4093 1006 4148 dn.
1044 4094 1181 4147 ustiniana
1199 4096 1230 4146 A.
1250 4107 1277 4146 ιι
1293 4109 1364 4148 cons.
1655 4098 1689 4156 [a.
1709 4095 1769 4155 nte]

109 4233 249 4297 tleppap.
260 4241 301 4282 ιιι
315 4242 363 4280 nor.
375 4242 399 4280 m
449 4233 482 4287 (ι)
499 4232 676 4296 inreptionem
692 4250 721 4281 ez
735 4233 912 4296 subreptione
961 4232 1075 4280 seranna
1094 4242 1136 4282 sno
1220 4231 1267 4294 (ιο)
1284 4255 1318 4274 ==
1336 4231 1381 4281 Ti.
1403 4234 1441 4292 ta,
1459 4243 1478 4294 ι,
1497 4242 1535 4282 trs
1619 4231 1662 4292 (ιι)
1684 4228 1770 4279 itidem

106 4302 258 4361 astitnians,
281 4300 430 4349 indicasses
449 4299 912 4364 Paratirfisadt'anrt.f,1r‚qaaa
962 4297 1225 4349 imminuente.
1294 4301 1340 4358 (ιι)
1357 4299 1388 4348 ab
1406 4301 1511 4348 instanti
1529 4303 1616 4348 oetam
1633 4296 1771 4346 indictione

106 4370 170 4417 itiam
198 4369 291 4418 initiam
318 4364 488 4431 θεσπίζοιιεν
510 4368 624 4416 tradant:
654 4370 687 4432 as.
716 4369 753 4416 nd
779 4371 816 4429 iti,
840 4376 862 4430 a,
887 4378 911 4417 to
962 4367 1008 4416 iss.
1025 4366 1069 4418 Ti.
1118 4368 1164 4424 (tat
1183 4366 1278 4416 fuerint
1295 4368 1443 4416 auctoritato
1461 4368 1570 4416 firmatae
1589 4364 1634 4415 Ta.
1682 4365 1727 4425 (ts)
1743 4365 1770 4413 ia

107 4439 131 4495 a)
148 4458 184 4478 ==
201 4433 246 4485 Ta.
268 4437 306 4495 ii,
326 4444 379 4496 Μ
399 4436 484 4494 1356,
503 4445 524 4492 a,
543 4445 570 4485 te
630 4437 664 4496 (t)
682 4451 696 4482 a
714 4434 853 4484 cunalibus
962 4434 1067 4484 unffi.
1119 4438 1165 4495 tta)
1183 4434 1227 4496 qui
1245 4434 1276 4482 ab
1294 4449 1344 4484 exo.
1364 4434 1573 4484 tuaeofiioio'l'i.
1625 4437 1771 4493 (tolomnos

106 4501 320 4566 {apremonte
365 4502 399 4565 (a)
417 4502 564 4559 51=Tin
581 4504 669 4558 ibat
715 4501 910 4566 (alluenti.
961 4519 1006 4551 an.
1026 4501 1071 4552 Ti.
1141 4506 1187 4566 (ιι)
1206 4502 1273 4564 quod
1290 4503 1398 4550 etcirca
1416 4504 1460 4551 bos
1477 4503 1598 4566 optimum
1616 4517 1637 4550 e.
1655 4515 1690 4560 e,
1714 4499 1771 4562 qai·

108 4576 132 4632 a)
149 4593 185 4614 -
202 4570 375 4632 Τ1ι.11,ι,ι
399 4569 427 4618 B
445 4572 487 4630 56,
506 4580 528 4630 8,
546 4581 573 4620 rt
632 4570 673 4635 (Ρ)
690 4594 724 4613 =
744 4571 790 4620 rt.
812 4572 838 4621 li
859 4580 910 4625 1,(
962 4566 1008 4617 bas
1031 4566 1093 4620 lucr.
1116 4569 1132 4618 f.
1157 4585 1186 4618 ex
1210 4570 1233 4617 b.
1258 4569 1390 4618 ourialiam
1414 4570 1581 4629 obvenerunt,
1604 4571 1643 4629 (ut
1666 4567 1722 4630 ins.)
1746 4571 1771 4616 et

108 4642 133 4698 s)
158 4638 239 4701 Impp.
258 4637 420 4686 Constantius
443 4640 469 4685 et
486 4636 608 4686 Oonmans
626 4640 678 4687 ΑΑ,
704 4636 841 4687 Bibalenio
863 4638 910 4685 iia·
962 4636 1010 4700 ipsi
1038 4637 1082 4688 Ta.
1164 4638 1212 4697 ((8)
1234 4661 1268 4680 =
1292 4637 1336 4686 Ta.
1359 4640 1397 4695 i’l.
1416 4649 1435 4698 t,
1454 4649 1506 4688 tsn:
1535 4640 1606 4701 inape
1628 4639 1668 4698 ii,
1687 4646 1723 4696 bt,
1742 4646 1769 4686 tt

106 4705 188 4754 tituto
206 4705 252 4755 Te.
306 4708 342 4766 (9)
360 4705 508 4754 consulatum
527 4707 662 4756 mendosam
681 4705 846 4771 tortosanus
864 4723 911 4753 nan
964 4704 1009 4753 Ta.
1030 4707 1141 4764 ittet.
1163 4707 1286 4765 fi,eo,es
1339 4708 1386 4764 tta)
1403 4703 1550 4769 proconsule
1570 4703 1614 4754 tn.
1666 4704 1770 4764 (tolno-

106 4784 162 4823 τοία
179 4773 215 4822 arf
232 4793 254 4821 a.
274 4783 315 4823 oto
334 4773 432 4829 rettulit,
451 4790 502 4822 eam
523 4774 651 4832 Constans,
674 4776 716 4823 cni
733 4776 832 4822 subeat
849 4771 911 4821 Sar·
961 4775 1046 4835 ceptae
1066 4772 1110 4822 Ta.
1163 4777 1210 4832 (21)
1228 4772 1303 4820 trium
1320 4773 1354 4833 1⁶,
1372 4773 1393 4820 si
1411 4772 1487 4820 trium
1502 4768 1581 4821 KOI⁶
1632 4771 1681 4832 (tt)
1696 4772 1771 4821 indas

106 4842 178 4902 lisia,
197 4840 386 4890 Thessalonicae
401 4856 448 4890 nan
464 4843 554 4906 aperit:
572 4841 617 4891 sed
633 4860 662 4891 ne
677 4843 843 4893 Constantium
859 4841 911 4905 qni·
962 4857 983 4888 c.
1000 4850 1013 4888 t
1031 4858 1060 4888 er
1080 4840 1204 4890 Theodori
1220 4840 1331 4891 Nooetft‘s
1350 4842 1389 4901 tt,
1408 4851 1432 4891 13
1453 4841 1576 4890 aestuatus
1594 4849 1629 4888 est
1679 4839 1727 4900 (it)
1745 4839 1772 4888 t'd

106 4910 151 4958 tasi
169 4910 205 4958 ibi
222 4919 389 4958 commoratam
407 4926 457 4957 essa
475 4909 603 4959 aeruinile
620 4920 663 4970 est,
686 4917 716 4958 nt
732 4909 762 4957 de
782 4909 911 4958 consulati·
962 4916 997 4955 est
1019 4907 1062 4968 qui
1085 4908 1187 4969 apocbis
1209 4909 1373 4970 quantitatem
1396 4908 1512 4970 iugorum
1535 4921 1585 4955 noa
1603 4905 1770 4970 adscripserit,

106 4993 143 5025 aas
160 4976 298 5027 Constantii
311 4978 342 5025 A.
358 4986 381 5025 et
398 4977 535 5026 Constantii
546 4977 572 5026 C.
588 4994 705 5026 annnam
723 4986 830 5026 :lineet
845 4978 909 5040 reqi-
961 4973 1053 5037 viginti
1076 4975 1133 5023 auri
1156 4974 1228 5024 libris
1250 4974 1373 5024 multatur
1472 4979 1520 5038 (ιι)
1543 4999 1576 5017 =
1598 4976 1622 5036 4,
1640 4985 1676 5035 to,
1694 4983 1728 5033 tt,
1747 4985 1769 5024 t:

106 5062 151 5094 ars
176 5046 266 5110 possis.
302 5045 370 5093 immo
396 5045 531 5105 rideamne,
565 5062 595 5093 ns
620 5043 813 5094 Iustinianoram
842 5061 912 5091 error
961 5044 1033 5107 ianpae
1053 5045 1074 5101 i,
1092 5053 1114 5104 t,
1132 5054 1165 5093 it.
1190 5047 1215 5104 4,
1233 5055 1255 5106 i,
1273 5055 1306 5094 tt.
1329 5047 1353 5101 4,
1373 5053 1408 5105 co,
1429 5054 1461 5093 te.
1486 5047 1511 5104 4,
1529 5054 1564 5105 at,
1583 5053 1614 5092 tt.
1638 5043 1709 5104 480,
1726 5040 1770 5092 iti

106 5129 157 5161 :aaa
180 5129 261 5162 vernn
283 5111 344 5177 (τρία
367 5121 486 5160 numerem
506 5114 635 5161 restitnerit
652 5130 730 5176 eaque
749 5111 910 5161 αιίααιίὸιιιᾰα
961 5112 986 5170 5,
1005 5120 1067 5172 irat

106 5284 114 5333 i
150 5282 207 5332 tum
229 5283 340 5332 mercat.
382 5275 564 5332 Endarntatica
587 5294 658 5348 qnae
679 5284 816 5331 uocantur
831 5293 910 5330 uerno
996 5273 1035 5333 to
1064 5274 1137 5329 Idem
1163 5279 1194 5330 A.
1219 5276 1362 5329 Sartciinas
1384 5318 1390 5330 .
1409 5319 1415 5330 .
1435 5319 1440 5330 .
1461 5276 1623 5330 Constinitio
1648 5275 1771 5347 Iaqtaitnr

106 5353 111 5397 t
140 5345 269 5417 accipiat,
281 5345 329 5400 sed
340 5361 437 5399 nomen
446 5346 535 5416 ipsum
539 5347 652 5417 penitus
661 5345 812 5398 abutentia.
831 5343 912 5409 asoa
960 5343 994 5397 de
1020 5344 1206 5397 renarrantibus
1231 5353 1257 5397 et
1283 5344 1450 5413 afficitrlibus
1492 5346 1521 5397 ια’
1546 5345 1574 5397 in
1594 5346 1670 5423 supa
1696 5353 1769 5408 sunt,

106 5413 123 5466 π’
144 5429 185 5468 αα
206 5413 301 5484 aliqtta
319 5420 404 5485 parte
425 5430 459 5466 ea
480 5430 552 5483 qraac
572 5414 724 5467 corastitnta
741 5420 805 5465 nint
821 5412 910 5483 irc’pte-
960 5412 1184 5481 qnertadrnadnnt
1201 5411 1235 5464 aa
1253 5412 1292 5464 eis·
1305 5410 1417 5480 prrbtica
1435 5361 1537 5465 tritula
1552 5411 1689 5483 carpenda
1702 5413 1768 5475 sint,

106 5488 205 5547 ισιιιιιν,
224 5480 392 5535 litteratam
407 5481 469 5533 auri
479 5497 573 5551 paena
587 5488 645 5535 esta
662 5488 718 5533 tam
734 5488 831 5534 corana
846 5482 910 5560 offi-
960 5487 988 5534 et
1003 5485 1076 5534 aetat
1093 5479 1253 5534 collationes
1268 5479 1308 5532 eis
1325 5479 1438 5548 inferri,
1459 5481 1513 5532 arisi
1530 5496 1589 5532 crem
1607 5481 1664 5558 inca
1676 5479 1770 5558 publi

106 5549 169 5602 ιιίιιιι
186 5550 397 5621 praefectorum
438 5565 500 5602 ιιαιιι
521 5555 619 5603 cantra
636 5548 784 5619 prraesiries
797 5564 910 5618 protra-
960 5563 1054 5603 caram
1067 5563 1250 5617 personarum
1266 5548 1426 5616 stanpentnr.
1457 5548 1559 5599 nattam
1578 5564 1646 5600 enam
1664 5562 1704 5600 eis
1740 5562 1769 5600 us

106 5616 202 5671 rim
224 5623 252 5671 et
273 5632 367 5671 aarum
382 5566 487 5693 §otiien
504 5624 532 5671 et
547 5623 645 5671 cantra
663 5623 770 5670 emmas
782 5616 912 5687 publicas
959 5617 989 5669 is
1013 5618 1086 5695 supa
1109 5622 1173 5669 sunt
1199 5613 1288 5667 aliove
1312 5613 1393 5668 ariade
1418 5615 1567 5671 latitante
1590 5614 1718 5669 collatori

106 5698 239 5739 insanas.
960 5683 1122 5738 sunnonem
1135 5682 1199 5750 fieri
1217 5681 1280 5737 aar.
1354 5740 1365 5752 .
