3832 6126
81 122 312 175 moramve
334 122 511 175 consumo
873 102 937 179 tes
1651 111 1696 179 Vl
1718 115 1737 179 t

79 292 170 348 furtim
191 292 282 347 ablata
301 291 419 347 amenta
440 290 625 361 susceperint,
650 307 706 347 non
728 297 833 348 tantum
851 294 884 348 de
933 294 977 349 sui
994 293 1077 351 luerit
1093 293 1257 351 comtitutua
1273 296 1456 365 possessione:
1480 300 1507 353 st
1528 312 1577 366 pro
1601 295 1643 351 his
1659 298 1741 355 rebus

79 360 205 431 marcida
220 358 377 425 conventre,
401 359 450 414 aed
470 359 552 437 etiam
568 359 677 428 poenali
693 360 759 415 furti
777 362 883 417 aedona
933 378 1013 431 posse
1034 379 1094 417 eum
1114 363 1241 418 adsersus
1258 363 1393 419 dominnm
1411 363 1511 419 habere
1527 364 1667 429 actionem,
1685 381 1740 420 non

79 435 162 497 poter.
192 426 225 482 1).
249 429 321 481 r111¹
340 425 366 479 lc.
385 424 447 481 Iao.
466 425 549 482 sina
568 428 623 481 ΑΛ.
643 445 729 481 corias.
770 435 803 494 [a.
823 434 882 494 293)
933 431 1019 485 solum
1042 448 1109 499 quas
1132 446 1224 485 seruus
1248 432 1412 486 subtraxerit
1434 432 1486 486 iam
1507 431 1579 501 apud
1597 448 1656 485 eum
1675 450 1740 486 con·
1814 476 1821 485 .

124 496 151 554 lb
175 493 249 550 Idem
272 496 329 549 ΛΑ.
356 503 385 549 et
410 493 458 550 CC.
480 494 631 551 Socratico.
675 496 752 550 Furti
778 498 884 551 actione
933 499 1055 562 stitutus,
1083 499 1129 552 sed
1154 508 1182 552 et
1203 516 1252 567 pro
1276 501 1316 553 his
1339 516 1405 568 quas
1428 501 1534 554 iuratus
1556 506 1608 562 est,
1632 500 1740 569 quando

80 565 180 619 muime
202 563 292 643 tenmi
314 576 486 618 succoesores
508 562 637 643 ignorare
663 581 717 618 non
743 565 882 619 debueras.
933 567 1002 635 iugit
1025 567 1130 634 quidem
1153 583 1170 620 a
1192 568 1262 620 bona
1280 568 1331 621 tide
1349 584 1516 636 possessore,
1540 568 1628 621 adhuc
1650 576 1740 622 autem

82 633 122 688 de
133 633 307 688 maecenas
324 636 414 684 autem
431 630 529 686 ablatis
547 647 575 684 m
593 646 648 685 rem
665 632 771 686 actione
789 640 882 687 tenen·
933 635 1050 688 nondum
1073 635 1123 688 sub
1147 635 1246 689 domini
1270 637 1311 688 sui
1330 637 1453 689 manibus
1469 635 1552 690 inerit
1569 635 1738 690 consatutus.

83 711 135 754 ten
154 699 294 754 convenire
318 704 404 767 potes.
448 697 481 752 1).
510 712 551 753 111
575 697 600 752 lc.
626 697 686 752 lcvr.
716 699 801 753 Sirmi
826 705 881 755 ΑΛ.
933 708 948 755 ‘l
989 704 1074 769 Quam
1097 702 1343 770 interpretationem
1364 704 1455 772 prisca
1481 704 1587 772 quidem
1610 704 1670 757 iura
1693 720 1741 772 per

83 784 161 822 coms.
588 834 593 844 ‚
767 774 804 846 [a.
823 774 882 852 wil
933 771 1113 849 coniecturam
1131 770 1351 850 introducebant:
1375 788 1425 826 nos
1448 778 1537 825 antem
1554 771 1635 825 altius
1651 777 1680 849 et
1696 787 1740 825 re-

122 832 151 893 16
175 833 251 889 idem
276 834 333 887 ΑΛ.
360 840 388 888 ct
414 831 461 888 CC.
489 833 662 890 Artemidoro
689 843 716 889 et
741 836 810 889 class.
855 838 883 889 br
931 854 988 892 nus
1010 838 1046 891 ad
1070 854 1128 891 eam
1150 844 1321 907 respicientes
1342 839 1493 906 generalem
1512 839 1631 907 regulam
1648 854 1688 893 sic
1705 841 1740 893 ab

82 919 178 958 semum
201 905 320 957 vestrum
343 900 513 956 nutriendum
552 902 580 955 ui
601 908 758 993 susceperat
775 920 881 957 renum-
933 912 947 957 3
982 905 1058 960 initio
1075 921 1135 959 esse
1153 907 1285 973 prolatam
1303 907 1457 985 accipimus.
1489 907 1555 960 Cum
1572 907 1652 975 igitur
1669 907 1741 961 bona

83 971 161 1037 dedit,
183 970 286 1025 furtum
309 969 447 1024 commisit.
482 968 517 1024 D.
535 919 565 1024 (ε.
586 968 643 1024 Oct.
669 969 812 1025 lirninam'i
834 972 881 1025 CC.
932 972 984 1026 fido
1016 989 1156 1041 possessor
1187 974 1286 1027 domini
1313 975 1475 1041 cogitatione
1500 974 1586 1028 iurem
1612 974 1739 1043 possidet,

83 1056 160 1094 coms.
770 1045 804 1102 [a.
822 1043 881 1103 294]
932 1041 1035 1104 merito,
1062 1040 1148 1094 donee
1174 1042 1244 1109 apud
1271 1056 1331 1095 eum
1358 1043 1521 1096 constitutus
1548 1051 1602 1107 est,
1628 1048 1655 1095 et
1680 1041 1740 1096 aliis

118 1103 147 1163 17
165 1103 240 1161 Idem
258 1105 314 1159 Ad
334 1111 361 1158 ct
379 1103 576 1185 δᾶθουουί..
595 1104 721 1173 Quamvis
738 1107 818 1160 etiam
836 1108 881 1160 be·
932 1116 1038 1162 tenetur
1062 1108 1153 1163 noxali
1175 1109 1294 1172 actione,
1316 1110 1340 1164 si
1362 1111 1483 1163 extranei
1506 1110 1607 1163 furtum
1629 1125 1647 1162 a
1663 1125 1741 1163 serso

84 1173 193 1229 talitatis
209 1173 346 1241 expilatae
363 1188 473 1227 crimine
489 1188 659 1240 promiscuus
680 1190 745 1228 usus
763 1174 882 1243 exemplo
931 1177 1033 1230 suerum
1049 1175 1136 1243 passi,
1160 1183 1188 1230 et
1205 1177 1263 1244 ipse
1280 1177 1409 1231 adversus
1426 1193 1516 1231 verum
1534 1177 1670 1231 dominum
1687 1193 1741 1231 non

82 1241 184 1297 :odonis
202 1241 269 1295 furti
285 1255 359 1294 ream
376 1255 486 1295 uxorem
502 1239 562 1295 fieri
579 1257 633 1295 non
648 1243 776 1310 patiatur,
794 1252 882 1296 tamen
932 1245 1014 1297 habet
1039 1244 1173 1297 actionem
1199 1245 1346 1302 seeundum
1372 1246 1491 1312 regulam
1518 1245 1662 1298 dicentem:
1695 1245 1740 1314 qui

85 1311 182 1364 beredes
202 1309 326 1377 idemque
343 1307 391 1361 tilii
408 1323 489 1376 super
506 1308 560 1373 his,
586 1325 655 1377 quae
675 1309 709 1364 de
730 1310 816 1378 patris
835 1311 881 1364 bo·
932 1312 1014 1365 habet
1032 1311 1159 1365 adsersus
1177 1312 1277 1365 alium⁵
1300 1312 1365 1366 furti
1382 1313 1530 1375 actionem,
1552 1313 1628 1381 ipse⁸
1650 1327 1683 1365 ea
1700 1322 1739 1366 te·

84 1378 122 1432 nir
136 1377 267 1447 possidet,
292 1375 420 1431 adversus
441 1391 500 1430 eam
522 1376 551 1430 in
574 1392 629 1430 rem
645 1378 752 1432 actione
768 1378 882 1446 experiri
932 1380 988 1433 neri
1006 1397 1060 1433 non
1097 1385 1175 1433 otest.
1212 1379 1253 1432 sin
1277 1385 1366 1433 autem
1389 1380 1494 1434 desinat
1517 1380 1545 1434 in
1567 1380 1635 1433 servi
1652 1384 1740 1434 reten-

85 1462 131 1499 non
144 1445 327 1514 probibentur.
363 1442 396 1498 ll.
414 1442 450 1498 id.
469 1442 533 1498 nec.
553 1443 600 1498 GC.
619 1461 734 1567 captain
769 1452 803 1510 [α.
822 1451 881 1507 tbi}
932 1447 1004 1501 tione
1027 1455 1054 1501 et
1075 1396 1119 1500 riu
1143 1446 1215 1514 apud
1238 1464 1328 1501 verum
1349 1448 1484 1501 dominum
1507 1447 1589 1501 fuerit
1608 1446 1740 1509 inventus,

751 1528 766 1566 e

118 1510 148 1573 ts
165 1512 241 1567 Idem
258 1514 315 1566 Aa
333 1518 361 1566 et
379 1508 426 1566 CC.
445 1510 666 1592 Dionysodoro.
768 1531 819 1576 um,
838 1513 883 1581 qui
931 1522 995 1568 tunc
1013 1515 1070 1584 ipse
1088 1514 1194 1583 quidem
1212 1516 1301 1568 noxali
1318 1516 1384 1568 furti
1402 1514 1506 1569 actione
1529 1515 1634 1568 minime
1651 1521 1742 1583 potest

87 1594 116 1632 m
131 1578 267 1660 naufragio
291 1579 331 1657 rel
354 1578 477 1659 memoro
502 1595 605 1659 cepisse
628 1581 668 1633 rel
691 1580 719 1633 in
743 1581 788 1661 his·
802 1582 882 1660 rebus
931 1583 1031 1661 teneri,
1055 1581 1182 1635 adversus
1206 1599 1297 1661 rerum
1321 1589 1410 1662 autem
1433 1582 1567 1636 dominum
1585 1582 1667 1636 habet
1684 1583 1741 1650 ipse

88 1646 162 1703 darom
184 1647 248 1716 quid
272 1646 377 1702 dedum
399 1645 511 1710 martur,
532 1647 605 1700 nnt'ra
627 1663 727 1701 anuum
750 1649 841 1702 utilem
859 1664 883 1703 er
931 1650 997 1704 iurtr
1019 1650 1143 1705 noralem
1166 1654 1312 1715 arbonem,
1335 1650 1364 1703 ul
1381 1657 1422 1704 est
1439 1667 1488 1770 Sto
1506 1651 1594 1713 rebus,
1615 1665 1682 1718 quas
1699 1650 1741 1703 vel

88 1716 123 1768 coi
140 1731 181 1771 res
202 1716 283 1769 abest
305 1713 462 1783 quadrupli,
503 1715 591 1770 ostiu
608 1716 732 1784 simplum
749 1717 882 1771 actionem
931 1734 1004 1772 nunc
1027 1718 1133 1771 furatus
1157 1724 1211 1780 est,
1237 1735 1297 1771 curn
1321 1725 1362 1771 est
1384 1733 1439 1785 spu
1481 1734 1571 1771 rerum
1596 1717 1739 1781 dominum,

14 1826 17 1831 ,
88 1783 203 1848 simiam
240 1790 329 1837 taeter
345 1797 460 1851 poenam
476 1782 510 1835 o'
557 1786 685 1837 statutam
700 1784 781 1838 edicti
795 1785 883 1838 forma
931 1786 972 1839 rel
989 1792 1081 1849 antea,
1105 1792 1247 1853 postquam
1266 1787 1337 1840 bona
1358 1785 1411 1838 fide
1434 1785 1596 1852 possessoris
1613 1784 1739 1839 retentio-

85 1853 193 1920 btrpetui
217 1801 345 1906 declarat.
387 1849 415 1903 S.
439 1864 480 1905 111
501 1849 527 1903 lc
550 1848 609 1904 Ion.
635 1851 810 1906 Nicomediae
833 1851 880 1907 CC.
931 1868 992 1906 nem
1008 1853 1154 1908 excesserit
1171 1853 1317 1907 necduma
1338 1853 1373 1907 ud
1388 1870 1478 1907 verum
1495 1851 1629 1906 dominum
1642 1851 1739 1907 iactus.

84 1931 157 1974 conss.
548 1985 554 1996 ‚
769 1925 803 1984 [a.
822 1925 881 1984 itii]
931 1927 947 1974 t
986 1922 1023 1975 Et
1054 1921 1094 1975 sic
1123 1921 1220 1974 iterum
1252 1871 1359 1988 regaiso
1384 1921 1502 1987 generali
1533 1935 1612 1975 casus
1638 1920 1741 1973 eveniv

112 1984 145 2045 19
169 1984 246 2041 Idem
268 1987 325 2040 Ad
347 1994 376 2041 st
398 1984 445 2040 CC.
464 1984 623 2040 Mnestheo.
664 1986 763 2041 Falsus
784 2003 881 2069 procu·
931 1996 1141 2043 consentaneus:
1170 1990 1216 2057 qui
1238 1989 1308 2042 enim
1330 1989 1413 2042 habet
1434 1996 1499 2042 tunc
1521 1987 1587 2041 iurti
1610 1988 1741 2041 actionem

79 2059 146 2129 {otor
160 2054 313 2124 depositum
330 2052 484 2122 recipiendo
501 2053 542 2107 vel
559 2068 607 2108 ses
619 2054 735 2109 adenum
751 2054 882 2122 exigendo
931 2057 1058 2111 adversus
1083 2057 1231 2120 dominum,
1258 2056 1316 2125 ipse
1340 2056 1418 2110 aliis⁸
1440 2055 1525 2110 teneri
1545 2054 1612 2109 furti
1634 2054 1741 2109 actione

10 2162 12 2167 -
77 2123 139 2177 uisa
155 2122 257 2178 domini
274 2123 439 2175 voluntatem
455 2121 558 2175 furtum
580 2121 647 2176 iacit
667 2137 700 2176 ac
719 2130 827 2190 praeter
843 2123 883 2177 rei
931 2141 985 2178 non
1008 2130 1105 2192 potest.
1148 2124 1188 2178 sic
1211 2139 1244 2177 ex
1267 2131 1388 2193 tempore
1411 2123 1533 2178 omnibus
1555 2122 1679 2178 ememor
1692 2138 1739 2176 se·

72 2190 268 2245 rotomacum
291 2190 399 2246 actione
421 2188 495 2257 dupli
515 2188 582 2242 furti
599 2204 649 2244 nec
666 2190 800 2244 manifesti
818 2206 882 2261 oon·
931 2192 1079 2246 tustissima
1102 2191 1235 2246 dubitatio
1262 2200 1354 2246 nostro
1380 2191 1488 2246 foedere
1514 2190 1688 2257 conquiescat
1714 2197 1742 2245 et

70 2258 183 2313 Venitur.
220 2256 286 2312 Sine
305 2257 349 2313 die
365 2264 393 2312 et
409 2256 527 2311 consule.
931 2260 1003 2314 bona
1024 2258 1077 2313 fide
1097 2275 1239 2327 possessor
1261 2261 1290 2313 in
1310 2263 1389 2327 parte
1412 2265 1487 2313 certa
1504 2258 1631 2326 temporis
1650 2265 1676 2311 et
1692 2258 1740 2313 na-

93 2320 143 2401 ‚20
162 2324 234 2397 imp.
251 2323 423 2379 lastinianus
439 2327 470 2378 d
486 2322 597 2403 Iulicnp
608 2342 661 2406 pp.
689 2324 717 2380 Si
750 2326 791 2381 uis
805 2342 882 2381 serso
931 2327 995 2380 best
1012 2327 1145 2381 actionem
1163 2333 1190 2380 et
1206 2343 1261 2381 non
1278 2332 1414 2392 teneatur,
1438 2334 1466 2380 et
1487 2326 1546 2395 ipse
1568 2325 1691 2381 dominus
1714 2327 1742 2379 in

61 2386 156 2450 illene
174 2392 291 2448 suaserit
308 2392 425 2462 adquam
442 2407 499 2446 rem
516 2391 616 2447 dommr
640 2393 682 2448 sui
699 2343 838 2461 crispare
856 2401 883 2448 et
931 2395 984 2449 alio
1010 2401 1129 2463 tempore
1154 2411 1208 2448 non
1234 2401 1357 2449 teneatur
1383 2395 1490 2449 actione
1514 2398 1543 2447 et
1563 2393 1591 2447 in
1614 2393 1668 2448 alio
1690 2396 1741 2448 sub

57 2456 98 2511 ad
124 2477 156 2517 ae
179 2460 337 2525 deducus&
363 2475 456 2514 servus
479 2465 569 2514 autem
591 2462 644 2516 boc
666 2460 771 2515 domino
797 2462 881 2516 mani·
932 2470 947 2517 5
988 2463 1094 2517 actione
1120 2462 1308 2516 constituatur.
1352 2462 1393 2516 De
1419 2477 1451 2516 eo
1475 2468 1578 2525 autem,
1606 2462 1652 2528 qui
1674 2460 1742 2514 liber

55 2519 210 2585 festaverit
227 2534 255 2583 et
272 2526 379 2583 domiuo
398 2526 562 2582 eoncedente
579 2544 622 2583 res
639 2528 696 2584 eius
712 2529 746 2583 ad
763 2529 882 2597 iniquum
932 2531 1094 2584 constitutus
1112 2530 1146 2584 ab
1162 2530 1214 2584 alio
1230 2531 1301 2583 bona
1315 2530 1368 2583 fide
1380 2534 1496 2593 tenetur,
1514 2529 1538 2584 ai
1553 2528 1654 2582 iustum
1668 2544 1740 2582 com·

50 2584 225 2653 huiusmodi
241 2594 377 2651 suasionis
393 2602 532 2650 auctorem
549 2597 702 2665 pertulerit,
723 2604 750 2651 et
765 2597 824 2665 ipse
842 2597 882 2650 iu·
931 2597 1042 2661 miserit,
1059 2601 1133 2651 recte
1148 2603 1175 2651 et
1190 2597 1247 2651 sine
1261 2598 1352 2665 aliqua
1366 2597 1534 2652 dubitatione
1546 2596 1644 2650 dieitur
1662 2611 1742 2663 posse

48 2670 165 2733 pentus
191 2664 276 2720 fuerit
301 2678 357 2718 rem
383 2663 515 2728 detinere,
546 2663 619 2731 quali
645 2671 751 2720 terimur
776 2664 882 2719 actione
931 2679 1006 2729 eum,
1033 2663 1169 2733 quilibet
1193 2673 1267 2720 estc
1321 2666 1387 2731 tus,
1415 2672 1442 2718 et
1466 2664 1583 2732 abipso
1608 2663 1653 2730 qui
1671 2664 1742 2717 bona

43 2737 79 2780 ¹⁸
106 2734 156 2804 qui
175 2747 221 2787 res
236 2732 369 2800 suscepit,
390 2737 516 2785 utrumne
538 2748 587 2799 pro
605 2733 747 2787 occasione
764 2731 830 2786 iurti
847 2747 882 2786 an
933 2733 984 2786 tide
1007 2749 1067 2787 eum
1090 2731 1191 2787 detinet
1233 2748 1263 2787 ro
1294 2739 1352 2787 urto
1370 2732 1521 2795 conveniri,
1545 2736 1573 2785 et
1593 2731 1664 2784 bons
1686 2729 1740 2784 fide

39 2805 114 2910 fro
132 2816 230 2866 serso,
254 2799 319 2870 qnia
339 2815 401 2854 eum
418 2813 587 2868 corrumpere
605 2800 695 2865 voluit,
719 2807 821 2854 utnon
838 2816 882 2855 so·
932 2815 1129 2868 possessorem,
1152 2801 1176 2854 si
1199 2749 1234 2855 ai
1252 2807 1380 2855 extraneo
1398 2799 1499 2854 iurtum
1516 2799 1585 2852 liber
1602 2797 1740 2853 commise-

57 2876 120 2924 urn
148 2867 232 2934 furti,
264 2867 312 2923 sed
344 2868 424 2922 etiam
453 2867 523 2922 servi
548 2868 668 2936 corrupti
693 2867 717 2922 is
744 2867 883 2936 obligetur,
932 2869 980 2934 rit,
1005 2884 1059 2923 non
1082 2883 1161 2936 posse
1184 2868 1331 2931 conveniri,
1356 2868 1403 2922 sed
1425 2868 1434 2921 i
1454 2882 1513 2922 sum
1532 2883 1581 2935 pro
1599 2882 1648 2920 suo
1666 2866 1740 2919 furto

43 2930 60 2980 1
115 2943 226 2992 veteres
243 2933 440 2989 dubitaverunt.
468 2934 596 2989 ⁴Nobisi
643 2951 677 2989 ue
694 2951 786 2991 eorum
801 2936 882 2990 alter·
932 2934 1107 3003 respondere,
1130 2936 1194 3004 quia
1216 2936 1346 3004 generalis
1369 2952 1415 3003 reg
1445 2934 1518 2988 ade
1540 2949 1617 2988 servo
1635 2933 1742 3001 prolata

39 3007 192 3061 canonos
210 3002 395 3058 decidentibus
413 3002 515 3072 placmt
531 3018 586 3057 non
603 3018 688 3056 soum
711 3002 777 3057 furti
798 3003 882 3058 actio-
931 3010 982 3067 est,
1009 3011 1036 3057 et
1061 3021 1110 3072 pro
1137 3019 1177 3067 eo,
1205 3003 1252 3071 qui
1274 3019 1328 3058 non
1351 3018 1456 3061 amous.
1483 3001 1531 3056 sed
1547 3001 1616 3056 liber
1632 3008 1660 3054 et
1676 3016 1742 3055 suae

36 3075 142 3142 qen,
178 3070 228 3126 aed
257 3071 338 3125 etiam
362 3071 432 3126 aerri
457 3071 577 3151 corrupti
603 3078 697 3124 contra
722 3087 784 3125 eum
809 3071 881 3124 dare.
932 3073 1075 3139 potestatis
1093 3079 1146 3136 est,
1169 3072 1293 3126 noxalem
1312 3071 1411 3126 moveri
1428 3070 1561 3125 actionem
1578 3068 1742 3137 impossibile

36 3125 134 3197 hcet
153 3140 226 3194 enim
242 3153 335 3194 sersus
353 3136 470 3193 deterior
486 3137 593 3192 minnme
613 3138 702 3192 iactus
720 3146 775 3202 est,
793 3144 883 3193 tamen
932 3140 1115 3208 nostrisquei
1150 3139 1208 3194 'bus
1230 3139 1394 3205 incognitum
1412 3144 1461 3192 est.
1497 3136 1530 3191 D.
1549 3135 1576 3191 lc.
1597 3138 1652 3192 Oct.
1674 3135 1741 3190 Cors-

34 3208 215 3276 §omilium
236 3205 402 3276 corruptoris
426 3205 461 3259 ad
484 3205 627 3273 perniciem
648 3206 792 3274 probitatis
814 3206 883 3260 nervi
931 3208 1053 3261 storrtivso
1075 3155 1189 3261 odedire
1210 3207 1510 3261 adiectorestcoccc.
1524 3221 1611 3259 conss.
1638 3209 1742 3268 [abib]

32 3275 256 3332 momontum
279 3280 331 3329 est:
356 3280 384 3328 et
406 3272 628 3342 quemadmodum
650 3273 798 3352 secundum
815 3275 883 3328 iuris
967 3271 1008 3330 22
1050 3275 1109 3329 ders
1131 3277 1162 3329 A.
1185 3226 1295 3328 delicere
1312 3291 1362 3346 pp.
1402 3271 1615 3327 Manifestissimi
1636 3272 1742 3338 quidem

29 3345 177 3467 Ἢ
195 3342 299 3398 metum
316 3341 423 3411 quidem
439 3358 493 3395 non
512 3349 553 3395 est
570 3357 754 3404 commissum,
778 3341 883 3410 quiais
932 3342 999 3396 iuris
1023 3351 1064 3396 est
1086 3342 1159 3396 iurto
1183 3348 1337 3410 perpetrato
1361 3342 1387 3395 ei
1406 3347 1557 3410 competere
1574 3341 1639 3393 furti
1656 3340 1741 3394 actio·

31 3407 86 3462 vi
194 3409 296 3464 furtum
312 3409 484 3474 committere,
503 3408 549 3477 qui
566 3414 661 3465 contra
676 3409 774 3464 domini
790 3409 882 3464 volun·
937 3418 947 3463 l
984 3426 1052 3472 nem,
1072 3410 1147 3464 cuius
1166 3411 1285 3473 interest,
1302 3425 1337 3462 ne
1353 3409 1454 3463 furtum
1473 3408 1660 3462 committatur.
1688 3406 1742 3461 Sed

27 3471 152 3536 taam
169 3494 215 3533 res
232 3478 290 3532 mus
308 3481 472 3542 contractat,
496 3477 555 3546 ipse
577 3484 666 3530 autem
690 3477 756 3531 furti
776 3477 883 3531 actione
934 3479 1112 3544 quaerebatur
1142 3477 1214 3545 apud
1245 3477 1371 3545 antiquos
1402 3477 1489 3544 legum
1520 3477 1693 3544 interpretes,
1719 3477 1742 3528 si

25 3547 182 3618 propter
205 3545 296 3601 dolum
317 3560 396 3600 auum
418 3550 537 3610 tenetur,
561 3545 599 3598 ita
623 3550 652 3598 et
672 3545 741 3600 servi
764 3545 883 3613 corrupti
934 3545 993 3612 quis
1013 3544 1190 3599 commodavit
1212 3545 1256 3598 alii
1274 3561 1329 3598 rem
1347 3545 1381 3598 ad
1399 3561 1428 3598 se
1446 3543 1620 3612 pertinentem
1638 3550 1665 3595 et
1681 3543 1742 3610 ipsa

26 3618 166 3670 tonus
188 3629 251 3669 eum
272 3614 343 3669 actio
366 3618 477 3682 propter
500 3628 579 3666 suum
600 3612 693 3667 vitium
713 3629 768 3667 non
793 3613 828 3666 ab
854 3626 884 3666 re
934 3628 977 3666 res
995 3613 1136 3667 subtracta
1152 3619 1205 3675 est,
1229 3628 1265 3665 an
1283 3611 1348 3665 iurti
1365 3613 1436 3666 actio
1454 3611 1581 3665 adversus
1599 3610 1684 3664 iurem
1699 3610 1741 3663 in·

24 3681 247 3747 exactem,
270 3684 303 3736 ut
323 3681 359 3734 ait
379 3681 405 3735 ei
426 3681 547 3749 poenalis
569 3679 640 3734 actio
657 3679 783 3749 imposita
814 3683 883 3734 tam-
933 3680 1008 3735 stitui
1025 3680 1112 3748 possit
1128 3680 1162 3733 ab
1181 3696 1212 3734 eo
1231 3680 1276 3748 qui
1294 3696 1348 3734 rem
1366 3678 1492 3732 utendam
1508 3692 1573 3732 acce
1593 3678 1626 3741 it,
1644 3677 1740 3731 idoneo

26 3755 152 3813 *luam
168 3765 200 3805 re
217 3749 278 3818 ipsa
295 3748 392 3803 suaset
408 3763 501 3803 sersus
519 3755 670 3815 corruptus,
689 3764 723 3803 ne
741 3765 774 3802 ex
788 3721 882 3801 innius·
932 3748 1037 3805 scilicet
1060 3748 1219 3809 constituto,
1246 3749 1309 3814 quia
1331 3753 1359 3800 et
1381 3747 1439 3814 ipse
1461 3762 1563 3800 commo
1583 3745 1621 3798 ati
1638 3745 1743 3798 actione

21 3817 142 3874 ¹hodi
159 3817 320 3886 impunitate
338 3821 365 3871 et
382 3815 409 3869 in
427 3815 508 3869 alium
526 3830 637 3879 serrum
656 3817 702 3884 qui
718 3815 805 3885 possit
823 3831 883 3868 cor·
936 3822 969 3870 ta
1002 3832 1020 3868 a
1044 3815 1149 3869 domino
1172 3832 1221 3882 pro
1243 3831 1276 3868 ea
1298 3832 1327 3868 re
1350 3813 1485 3868 conveniri
1506 3820 1601 3881 potest.
1637 3812 1674 3864 Et
1691 3811 1742 3865 hoc

20 3885 129 3943 ¹*tarn
149 3887 168 3952 i,
186 3886 240 3940 hoc
256 3884 347 3940 facere
363 3889 531 3954 pertemptet.
559 3882 592 3936 Ι).
607 3882 714 3954 larium
730 3882 883 3954 Lornpodio
934 3883 1039 3951 quidem
1056 3898 1142 3950 paene
1159 3884 1211 3936 iam
1229 3882 1318 3936 iuerat
1335 3897 1499 3946 concessum,
1521 3885 1552 3933 ut
1568 3880 1667 3932 habeat
1683 3879 1742 3947 ipae

23 3962 97 4011 ⁹1
140 3960 215 4009 reste
232 3969 271 4008 cc.
289 3968 327 4006 ec.
346 3968 433 4006 conss.
770 3956 803 4014 [o.
824 3954 883 4014 530]
933 3951 1084 4016 actionem,
1103 3951 1154 4004 nisi
1176 3950 1266 4018 inopia
1289 3951 1410 4004 noscitur
1430 3949 1566 4003 laborare:
1590 3953 1656 4000 tunc
1673 3947 1743 4000 enim

103 4020 143 4079 21
166 4018 243 4076 Idem
261 4022 292 4074 A.
312 4017 459 4088 lulianop
482 4060 487 4071 .
529 4018 610 4072 Aud
629 4019 753 4087 antiquos
771 4033 883 4097 quaero·
937 4018 966 4072 lb
993 4018 1059 4072 iurti
1075 4018 1207 4072 actionem
1225 4017 1331 4071 domino
1350 4023 1500 4085 competere
1524 4015 1657 4093 dicebant.
1690 4014 1742 4066 Sed

22 4070 162 4153 “a“
180 4035 633 4210 semiramim
647 4085 884 4208 tratres
934 4085 1367 4207 celebratata
1386 4085 1410 4206 t
1432 4091 1555 4205 te..ita
1571 4087 1743 4203 esitus

21 4220 151 4309 quem
168 4223 333 4279 constitutus
350 4228 404 4287 est,
421 4222 446 4277 si
463 4221 522 4289 ipse
538 4222 585 4290 qui
602 4222 708 4275 bonati
728 4237 743 4275 e
760 4237 820 4275 eum
830 4171 883 4275 lile·
934 4221 1015 4274 dam⁹
1040 4221 1157 4288 accepit,
1185 4227 1280 4289 postea
1301 4226 1390 4274 autem
1413 4170 1451 4297 ad
1471 4219 1587 4287 inopiam
1613 4217 1742 4287 persenit,

25 4286 140 4348 huet
160 4291 286 4347 nomlem
308 4289 375 4344 futu
396 4289 529 4344 actionem
546 4288 673 4344 adversus
691 4305 782 4343 rerum
800 4289 883 4342 domi·
934 4296 1077 4356 antequam
1095 4296 1231 4342 moveatur
1248 4288 1319 4342 actio
1362 4303 1411 4340 uae
1429 4303 1453 4341 en
1470 4294 1550 4340 antea
1567 4285 1743 4352 competebat,

29 4360 137 4417 Qum
159 4359 258 4422 habet,
283 4357 325 4413 rel
346 4358 404 4427 ipse
426 4357 462 4411 ab
485 4371 516 4411 eo
540 4357 585 4425 qui
608 4355 710 4410 furtum
730 4373 826 4425 passus
845 4363 886 4410 est
934 4371 970 4410 sn
988 4355 1084 4410 debeat
1102 4356 1172 4409 actio
1195 4371 1263 4424 quae
1283 4306 1364 4409 samii
1381 4356 1406 4408 ei
1424 4354 1558 4422 adquisita
1576 4360 1617 4432 est
1633 4352 1744 4405 tirmiter

55 4429 84 4482 1
122 4427 265 4498 praedicta
285 4425 444 4482 convenitur
465 4425 581 4480 actione.
617 4424 736 4493 Cumque
752 4424 885 4493 generalis
934 4424 1008 4492 apud
1025 4440 1085 4476 eum
1102 4439 1209 4477 manere
1227 4423 1267 4476 rel
1291 4423 1325 4477 ad
1348 4422 1609 4483 dominum‘revertr,
1633 4436 1693 4473 cum
1717 4423 1745 4471 et

36 4496 165 4566 tegula
181 4495 218 4551 ab
236 4493 347 4564 antiqua
364 4492 507 4562 prudentis
524 4493 647 4561 exposita
669 4496 711 4547 est
733 4492 885 4546 huiusmodi
935 4493 987 4546 hoo
1011 4492 1200 4558 quaerebatur,
1223 4506 1258 4544 an
1280 4491 1307 4543 in
1325 4491 1377 4544 hoc
1395 4506 1461 4543 casu
1478 4489 1543 4542 furti
1561 4488 1631 4542 actio
1650 4488 1743 4540 ambu-

44 4554 189 4620 hominis
212 4561 315 4632 gratim
346 4578 397 4630 pro
427 4576 480 4630 quo
513 4560 635 4616 noxalem
660 4560 726 4613 iurti
752 4560 885 4613 actionem
938 4567 967 4613 lc
1001 4559 1098 4614 latoria
1115 4560 1151 4613 sit
1167 4574 1217 4612 nec
1235 4574 1276 4611 ue.
1309 4558 1363 4612 Sed
1380 4573 1484 4611 omnem
1501 4557 1581 4610 talem
1599 4559 1744 4609 tractatum

48 4633 212 4702 tmepore
235 4629 332 4698 aliquis
354 4629 523 4698 compellitur
561 4627 689 4683 adsersus
712 4628 793 4682 alium
819 4627 885 4680 furti
935 4627 988 4682 slis
1006 4627 1127 4694 sequitur
1144 4626 1301 4690 subdivisio,
1326 4626 1349 4679 si
1371 4641 1406 4678 ex
1429 4633 1506 4694 parte
1524 4623 1649 4677 solvendo
1668 4624 1704 4676 sit
1720 4622 1743 4676 is

55 4701 208 4755 actionem
234 4697 336 4752 habere
360 4712 415 4752 non
441 4712 491 4751 con
542 4710 604 4760 ens,
632 4695 738 4765 quidam
764 4697 803 4750 ita
825 4711 885 4750 earn
936 4694 982 4763 qui
1005 4709 1062 4748 rem
1085 4694 1210 4748 utendam
1232 4693 1349 4773 accepit,
1373 4699 1404 4746 ut
1425 4693 1513 4774 possit
1533 4692 1632 4746 nonin
1651 4697 1743 4755 totum,

93 4784 124 4822 er
148 4765 334 4822 coniecturam
357 4763 527 4833 interpretati
553 4768 628 4830 sunt,
660 4763 788 4819 adversus
815 4764 886 4818 bona
935 4762 983 4818 sed
1027 4762 1197 4816 articularem
1223 4761 1382 4817 solutionem
1408 4777 1433 4814 er
1458 4760 1562 4825 iacere,
1588 4776 1624 4813 an
1646 4759 1746 4811 habeat

63 4782 126 4890 {de
166 4833 256 4889 uidem
278 4846 460 4902 possessorem
481 4830 652 4887 nullomodo
670 4832 736 4886 iurti
754 4831 886 4886 actionem
940 4831 972 4884 td
1005 4780 1071 4884 iirrti
1088 4830 1221 4884 actionem
1238 4829 1280 4882 rel
1296 4845 1359 4883 non.
1401 4828 1482 4882 Tales
1504 4829 1595 4906 itaque
1616 4826 1685 4880 ambi
1705 4824 1745 4878 ui·

68 4910 153 4958 exten
173 4903 195 4968 ',
218 4901 270 4971 ipsi
286 4907 390 4965 autem,
412 4899 437 4956 si
453 4898 555 4954 furtum
572 4898 652 4954 fuerit
669 4915 774 4968 passus,
792 4900 885 4953 adrer-
935 4903 1006 4952 tates
1029 4906 1158 4962 veterum,
1182 4897 1262 4974 immo
1285 4897 1382 4963 magis,
1402 4895 1474 4974 quod
1491 4895 1586 4949 meiius
1605 4843 1745 4973 dicendum

75 4987 121 5027 sus
145 4986 240 5026 verum
265 4968 400 5023 dominum
426 4966 491 5022 furti
516 4968 648 5022 actionem
674 4969 797 5022 noralem
814 4975 886 5020 recte
936 4969 985 5030 est,
1003 4967 1127 5032 ambages
1145 4966 1222 5019 nobis
1238 4964 1420 5019 decidentibus
1435 4981 1463 5017 m
1477 4969 1554 5016 tanta
1568 4978 1657 5016 rerum
1674 4950 1745 5014 dafn-

77 5038 197 5095 dscerni:
231 5043 297 5091 tuno
323 5040 413 5090 sutem
438 5036 509 5091 bona
534 5034 587 5089 fide
612 5051 795 5104 possessorem
821 5035 887 5088 iurti
936 5033 1037 5087 cultete
1060 5033 1206 5101 simplicior
1230 5033 1365 5088 sententis
1387 5031 1489 5100 placuit
1498 5032 1527 5095 ¹⁰,
1551 5038 1582 5084 ut
1601 5030 1628 5083 in
1646 5029 1745 5083 domini

76 5107 193 5173 nomine,
234 5103 289 5158 uod
305 5118 403 5173 passus
419 5108 474 5170 est,
496 5103 620 5158 noralem
642 5103 774 5158 actionem
792 5110 887 5157 oontm
937 5101 972 5156 sit
989 5103 1139 5164 voluntate,
1158 5100 1212 5154 sire
1229 5100 1389 5155 commodati
1406 5099 1538 5153 actionem
1555 5097 1683 5151 adversus
1702 5111 1744 5149 res

77 5173 211 5231 dommum
217 5122 332 5227 qnabme
353 5186 447 5240 posse,
473 5170 581 5240 quando
604 5185 696 5225 cerrus
720 5172 770 5224 sub
788 5170 887 5225 domini
936 5168 1112 5238 accipientem
1125 5184 1232 5223 morere
1247 5167 1382 5222 desiderat
1396 5168 1450 5222 sive
1464 5166 1529 5222 iurti
1544 5166 1672 5221 adversus
1685 5179 1745 5218 eum

487 5285 675 5292 ...—--——.
685 5283 875 5290 .————-.--
1238 5281 1341 5287 -—
1648 5277 1740 5284 —-

80 5342 177 5409 (tium
192 5342 265 5408 Har,
281 5357 322 5394 m
340 5342 366 5394 P
413 5343 447 5406 (²)
464 5339 640 5407 dionysiodoro
654 5341 713 5391 iibri
761 5341 795 5404 (t)
809 5341 846 5392 aie
862 5340 889 5404 C,
944 5337 1034 5390 cam
1085 5339 1119 5400 (a)
1137 5336 1195 5387 aliia
1212 5337 1250 5400 M,
1268 5335 1299 5386 ab
1316 5335 1374 5387 aliis
1395 5337 1440 5389 CR
1492 5339 1526 5400 (t)
1542 5339 1580 5387 sic
1598 5335 1673 5397 VPC,
1691 5349 1745 5383 com

80 5414 165 5465 ui...
181 5408 323 5477 nespas
395 5408 775 5472 deduceret(dueeretR)RM
803 5411 836 5472 (4)
852 5413 887 5468 §l
939 5405 1063 5456 nodatam
1080 5406 1107 5456 R
1174 5408 1220 5469 (to)
1237 5407 1363 5471 sequentia
1381 5424 1457 5471 usque
1476 5407 1510 5456 cd
1529 5411 1540 5465 ᾗ
1560 5415 1573 5455 t
1594 5415 1653 5455 extr.
1672 5413 1744 5453 satus

79 5479 589 5597 proruere·ragoats't'vpfalmcaa,s¹
631 5475 892 5557 (ωείολῑῑμιΙίοιχ,1
938 5475 1163 5539 calmetam

81 5546 249 5614 (tisieliqa
281 5544 446 5600 alutias-G
515 5542 729 5610 (tiarcM‘cum
746 5546 887 5610 B,etms.
