3832 6126
127 263 158 328 ll
181 268 198 326 t
932 250 991 321 tuo
1528 268 1569 317 uu
1586 264 1665 315 inve

163 442 200 501 1⁶3
227 442 335 500 'olicae
356 447 469 513 ἐπιτιμᾷ
492 450 547 497 τοῖς
567 446 597 495 iu
615 440 688 505 τάξει
706 432 765 495 cici
782 438 936 511 διιωὶόγοιε.
960 442 964 451 “
988 440 1080 493 efficio
1099 440 1140 493 vei
1157 456 1256 493 eurum.
1279 439 1325 506 qui
1342 437 1399 492 fisci
1415 437 1575 506 patronam
1589 432 1664 502 (tollet

194 515 218 565 εἰ
235 514 272 581 μὴ
289 511 375 580 μόνον
392 510 407 566 ὁ
425 516 482 565 τῶν
499 518 678 583 πραιτωρίων
694 514 814 579 ἔπαρχος.
989 510 1165 576 superstitum
1188 509 1228 561 iel
1245 516 1419 563 mortuorum.
1441 502 1565 559 exuenda
1582 500 1616 555 td
1631 499 1665 553 ide

165 581 202 637 lii
224 581 314 646 ’Μήτι
342 580 415 635 nacci
440 601 496 633 τιιί
518 583 577 633 τῶν
598 588 615 630 ri
633 579 740 643 got-icas·
767 599 832 649 ιιῃι
864 598 936 643 :rupa
988 579 1060 630 cium
1095 576 1283 630 accedentibus
1316 573 1439 655 anteponi
1470 571 1543 640 eique
1608 568 1640 622 fit
1663 590 1665 612 t

194 647 345 714 διαιτηταῖς
374 633 422 701 ticio
448 645 589 720 συνήγοροι
617 600 795 710 intingimus·
819 646 936 711 άιιιβαλ·
988 647 1141 713 sumptibus
1166 645 1275 698 sociati.
1298 643 1321 695 si
1337 650 1364 695 et
1379 642 1441 710 ipsi,
1463 644 1540 709 prout
1576 638 1581 648 '
1630 634 1665 714 titt

195 717 344 769 licencia»
367 717 416 769 ciui
437 720 486 768 τοῦ
511 716 668 804 upuppraros
689 722 779 783 κρίσει·
805 714 938 783 :rpoqricai
988 720 1006 765 ti
1045 714 1127 766 sclito
1151 726 1268 779 tempore
1291 712 1375 778 legum
1397 708 1538 762 doctrinam
1557 718 1665 759 meruerit

194 792 287 853 τρίτου
311 762 462 855 iiaoiaiyoe,
484 781 536 836 ciii.
573 785 767 851 aii-aspicisne
791 804 839 847 rqi-
861 781 939 847 δίκῃ·
989 790 1080 834 antean
1098 782 1154 834 his.
1178 782 1223 848 qni
1240 779 1297 832 tisci
1314 779 1417 846 patroni
1433 776 1544 854 officium
1560 770 1665 852 adepfit

195 848 422 924 iinoiioyei'woav
438 853 464 904 oi
481 850 530 904 iio
548 852 688 921 aupes-res,
990 850 1104 903 fuerim.
1128 866 1182 902 non
1205 860 1307 900 unitum
1330 844 1519 912 supersmuus,
1540 839 1584 895 sttti
1599 846 1665 895 eim

128 919 161 973 D,
176 935 206 973 vi
221 920 247 973 Ιι.
260 918 320 975 Ιαιι.
340 920 579 991 ibnstoutiuopoli
592 919 718 991 Louqivio
732 936 806 972 cous.
834 924 861 982 (ιι
879 922 939 981 tiu}
990 919 1142 986 praesentis
1159 918 1343 984 prospiciatur,
1360 924 1413 966 tam
1431 911 1464 965 ad
1480 908 1583 964 laedes
1596 906 1665 972 tiscij

162 985 203 1044 20
222 988 305 1054 (llll,
325 994 348 1045 lt
367 986 619 1059 amplumque
630 995 660 1040 Α.
673 987 789 1040 Eusebio
806 988 939 1055 mugi-istra
990 987 1035 1054 qui
1053 986 1135 1039 semel
1151 985 1186 1037 ad
1204 985 1283 1037 taiein
1298 981 1408 1051 padum
1424 985 1529 1034 vocatus
1545 977 1587 1041 sit,
1608 973 1665 1050 solt}

130 1057 295 1125 officiorum.
336 1057 535 1123 Suggestionem
560 1057 609 1108 viri
631 1056 742 1108 illustris
763 1055 867 1107 comitis
884 1054 939 1121 pri·
989 1055 1107 1106 transire
1123 1054 1218 1121 hique
1235 1051 1346 1110 seman,
1369 1048 1539 1117 quaerimus,
1558 1042 1602 1112 qui
1616 1040 1665 1094 fite:

128 1130 250 1176 ratarum
271 1129 299 1177 et
315 1124 484 1192 proconsulis
501 1125 582 1177 Asiae
599 1123 723 1176 duximus
740 1121 940 1175 amasiam.
991 1136 1084 1174 aarum
1107 1122 1161 1174 iani
1183 1121 1360 1188 deposuerint
1380 1117 1421 1169 vel
1441 1121 1531 1184 postea
1546 1112 1577 1165 de
1595 1124 1665 1164 osuei

129 1206 177 1259 per
195 1206 275 1259 quam
291 1202 400 1245 nostiae
418 1192 568 1245 serenitatis
587 1192 697 1244 aunbus
720 1190 849 1244 intimavit
871 1189 940 1242 tori⁸
991 1191 1062 1242 nime
1079 1190 1222 1242 cuiuslibet
1244 1198 1321 1240 actus
1338 1183 1437 1254 publici
1455 1181 1564 1236 solicitu
1608 1191 1665 1255 eta:

129 1260 171 1312 sui
196 1259 340 1313 advocatos
363 1260 496 1312 communi
517 1259 646 1326 petitione
668 1274 828 1326 magnopere
845 1270 937 1326 postu·
992 1259 1083 1311 subire
1100 1257 1223 1325 compi-lli
1238 1271 1286 1308 nec
1299 1251 1466 1307 exhibitionis
1473 1264 1518 1303 seu
1531 1246 1665 1301 deduchou

130 1327 215 1390 lasse,
241 1334 285 1381 ut.
312 1334 452 1394 postquam
476 1327 658 1380 advocationis
681 1327 853 1394 deposuerint
879 1326 940 1378 oili-
991 1325 1043 1378 nisi
1065 1326 1176 1393 speciali
1198 1322 1358 1377 siictoritate
1381 1323 1470 1373 nosha
1491 1312 1619 1370 molestari
1633 1317 1661 1364 et

132 1395 208 1449 cium.
227 1393 356 1460 dignitate
374 1394 487 1462 quadam
505 1405 598 1448 nostra
616 1393 773 1447 liberalitate
793 1395 938 1462 potiantur.
992 1394 1079 1446 vincia
1096 1392 1259 1446 incussiidos
1276 1406 1324 1458 per
1339 1388 1492 1442 anwnmm
1508 1383 1555 1437 viri
1574 1378 1665 1460 spectat

134 1468 142 1513 t
174 1462 297 1514 lubeinus
307 1462 634 1530 itaquepostdepositum.
649 1474 678 1514 nt
688 1462 848 1515 dictumest.
863 1476 940 1528 prae·
992 1462 1065 1513 mitis
1090 1460 1208 1514 Orientis
1234 1466 1328 1526 utpote
1353 1451 1521 1522 competentis
1541 1449 1629 1504 iudicis
1652 1462 1665 1498 c

130 1528 214 1582 fatum
238 1528 356 1582 osticium
378 1545 591 1597 unumquemque
613 1545 718 1587 eorum.
742 1529 788 1597 qui
810 1529 838 1582 in
862 1544 940 1596 prae·
991 1542 1074 1596 atque
1095 1529 1201 1595 litigare
1224 1526 1396 1580 decernimus.
1437 1520 1469 1576 1).
1486 1519 1512 1573 Ιι.
1535 1517 1583 1571 Iul.
1594 1517 1614 1549 ¹⁰
1635 1513 1665 1567 Cu

132 1596 200 1649 senti
217 1603 281 1649 sunt
299 1596 340 1649 vel
357 1603 452 1665 postea
469 1598 617 1650 matriculis
640 1613 732 1650 eorum
753 1613 802 1665 pro
820 1606 942 1664 tempore
992 1596 1089 1650 sioioii
1106 1595 1258 1649 Subiiiimo
1276 1602 1303 1647 et
1322 1590 1460 1645 Theodoro
1477 1602 1560 1641 roua.
1653 1647 1659 1659 ,

130 1664 230 1716 inerim
247 1664 348 1726 inserti,
370 1664 510 1718 clarissimi
527 1664 623 1732 primi⁵
640 1665 741 1717 ordinis
759 1665 863 1718 comitis
880 1681 941 1733 pcr-
1025 1615 1068 1720 iii
1091 1664 1133 1728 (ll
1156 1661 1231 1716 uum
1255 1668 1286 1715 Α.
1306 1657 1509 1727 Eustctltiop.
1547 1647 1665 1731 mutabit

131 1731 185 1783 frui
210 1731 349 1809 dignitate,
371 1740 503 1799 quatenus
525 1742 552 1784 et
573 1742 692 1799 tempore
710 1732 807 1799 quietis
824 1733 941 1785 fructum
993 1749 1045 1801 qne
1079 1731 1216 1786 hominum
1251 1726 1427 1782 necessarium
1494 1727 1631 1776 vocationis

132 1805 336 1866 praetentorum
354 1800 474 1852 laborum
492 1814 690 1866 consequantur
710 1814 814 1867 proque
831 1799 883 1853 tide
900 1812 942 1852 at·
993 1801 1108 1855 maxime
1130 1797 1324 1867 principalibus
1347 1792 1469 1861 praemiis
1491 1793 1592 1868 oportet
1618 1799 1665 1864 rem

132 1882 184 1934 quc
200 1866 332 1920 industria
348 1882 412 1934 erga
428 1868 537 1920 clientes
555 1883 619 1920 suos
637 1869 813 1935 comprobata
823 1867 943 1935 privatae
998 1876 1006 1921 l
1044 1868 1161 1935 ideoque
1182 1868 1303 1919 iubemus
1320 1863 1392 1916 viros
1416 1858 1571 1935 &marinos
1581 1852 1666 1918 hscil

133 1932 298 1987 condicionis
321 1935 456 1986 hominum
478 1935 646 1987 multitudine
671 1935 803 2002 segregati
826 1935 941 1989 clarissi-
994 1952 1059 2003 pore
1092 1946 1222 2004 patronos
1252 1933 1304 1985 iuri
1333 1937 1396 1983 tuae
1422 1923 1579 2002 celsitudinis
1603 1919 1665 1974 solie

132 2003 183 2054 mis
200 2003 293 2054 merito
312 2006 544 2055 connumerentur.
584 2001 617 2054 l).
637 2016 664 2055 ιι
685 2001 711 2055 l.
731 2001 791 2055 Iasi.
811 2002 943 2055 Constrin-
967 2024 970 2053 :
994 2004 1146 2058 t'estiiitatis
1155 1993 1602 2060 kalendarimlanuariarnmlpsius
1611 1993 1665 2040 taut

135 2070 191 2122 tirio
213 2069 250 2121 oli
269 2070 415 2122 Ariostusio
433 2071 464 2122 A.
485 2082 511 2122 11
526 2085 600 2122 coiis.
829 2075 864 2135 [a
882 2075 943 2132 itti]
993 2073 1072 2129 anni.
1096 2086 1145 2139 per
1167 2086 1246 2137 quem
1269 2068 1322 2120 tale
1344 2071 1473 2133 peragunt
1489 2058 1609 2121 officium,
1629 2056 1665 2108 int

169 2085 423 2214 2it2l⁶1demsi
444 2135 562 2189 thomae
593 2155 624 2208 p.
638 2153 692 2207 per
711 2135 859 2207 Illyricam.
886 2138 942 2191 sd·
967 2166 970 2179 =
995 2139 1093 2193 labiles
1109 2140 1181 2192 sacri
1199 2136 1285 2190 nostri
1302 2131 1452 2188 consistorii
1468 2128 1574 2204 comites
1587 2123 1665 2201 diving

134 2209 244 2256 vocatos
261 2203 439 2272 amplissimae
456 2211 519 2257 tuae
535 2220 549 2256 s
584 2205 591 2216 '
613 2245 620 2260 .
644 2205 689 2272 qui
706 2221 755 2271 pro
772 2213 891 2273 tempore
908 2206 943 2258 ad
967 2210 971 2279 j
994 2212 1009 2260 2
1045 2207 1197 2260 serenitatis
1214 2219 1294 2257 manu
1312 2200 1431 2270 puncti¹¹
1452 2209 1574 2264 conseqtu
1590 2190 1665 2246 8⁰11tm

133 2270 193 2324 fisci
217 2272 324 2390 piatrqni
348 2271 459 2338 gradum
482 2280 509 2324 et
530 2271 649 2325 officium
675 2273 864 2341 provehuntur.
890 2289 943 2326 una
967 2282 971 2319 t
995 2284 1137 2343 postquam
1154 2274 1209 2326 tale
1225 2269 1396 2339 deposuerint
1413 2266 1539 2328 officium,
1560 2260 1584 2316 ai
1604 2256 1665 2336 quid

135 2354 204 2418 oum·
243 2338 312 2391 beris
338 2339 391 2391 iam
417 2339 487 2392 natis
513 2339 554 2391 vel
586 2347 681 2407 postea
710 2340 882 2407 procreandis
909 2343 943 2393 ab
996 2344 1125 2410 ingenuos
1142 2341 1268 2395 habiant.
1293 2353 1339 2391 eos
1356 2334 1559 2390 clarissimorum
1574 2335 1665 2408 aptarit

135 2421 206 2458 omui
229 2406 373 2460 cohortalis
396 2420 442 2460 seu
460 2406 604 2460 cuiuslibet
624 2407 762 2462 deterioris
779 2408 943 2463 condicionis
993 2411 1048 2464 seri
1072 2410 1208 2463 consortio
1235 2407 1416 2463 tribunoruin.
1439 2415 1529 2455 sacras
1552 2396 1639 2451 solitas
1663 2411 1665 2436 ι

135 2472 241 2527 vinculo
273 2474 401 2552 immunes
431 2489 464 2527 ao
490 2474 588 2528 liberos
613 2491 673 2529 cum
704 2476 864 2544 patrimonio
893 2492 943 2530 sno
967 2508 972 2521 ·
996 2484 1012 2529 ,t
1047 2479 1106 2531 sine
1122 2476 1238 2545 quadam
1255 2471 1375 2540 suffragii
1392 2469 1521 2525 solutione
1538 2467 1665 2533 perceptsst

135 2555 287 2594 conservari
309 2541 500 2609 praecipimus,
529 2558 590 2595 cum
611 2550 716 2597 constet
739 2544 791 2598 hoc
812 2544 866 2597 hm
887 2545 944 2613 pri·
967 2524 972 2595 i
994 2546 1018 2599 si
1047 2547 1108 2612 quis
1140 2560 1189 2612 per
1220 2541 1378 2596 sententiam
1402 2533 1569 2591 sublimitatis
1594 2537 1652 2583 tuae

135 2609 193 2688 deni
223 2613 279 2662 tam
309 2608 447 2663 advocatis
476 2610 657 2688 amplissimae
685 2612 871 2691 praetorianae
895 2628 945 2680 per
967 2604 972 2671 i
994 2630 1076 2681 super
1099 2613 1191 2679 agnito
1215 2611 1305 2664 debito
1328 2608 1369 2661 vel
1386 2606 1476 2673 agnita
1499 2614 1592 2662 eausa,
1613 2610 1665 2674 quat

134 2675 269 2755 Orientem
292 2692 372 2743 quam
396 2678 552 2744 magnificae
580 2679 730 2732 urbicariae
758 2681 944 2748 praefecturae
995 2692 1040 2733 tur
1057 2681 1096 2737 ei.
1119 2680 1313 2733 contessionem
1331 2687 1461 2742 exponere
1478 2675 1585 2748 paratus
1598 2670 1665 2744 5¹¹³*

133 2759 218 2823 sacris
236 2744 488 2798 constitutionibus⁷
506 2760 565 2799 esse
580 2745 710 2799 indultum
725 2754 751 2800 et
765 2763 820 2801 non
834 2748 943 2801 dubium
996 2750 1098 2801 arbitro
1116 2747 1246 2813 delegato.
1265 2745 1312 2798 sed
1328 2751 1392 2795 tuine
1410 2738 1534 2807 temporis
1551 2734 1665 2809 hsciptt

134 2818 243 2864 sitnon
266 2816 453 2877 teutonicas,
476 2813 523 2866 sed
546 2814 625 2866 etiarn
648 2815 851 2870 sublimissimae
880 2824 944 2868 tuae
994 2815 1117 2868 alterutri
1133 2831 1235 2868 eorum.
1252 2814 1276 2866 si
1293 2813 1360 2865 alter
1377 2808 1470 2862 adesse
1485 2820 1539 2858 uon
1552 2805 1665 2870 possiti

134 2878 203 2932 sedis
229 2894 368 2957 gemianus
394 2894 453 2934 esse
478 2886 634 2948 potestates.
679 2881 712 2935 I).
734 2887 799 2935 iii·
824 2882 851 2935 li.
878 2881 942 2936 Dec.
993 2893 1084 2936 tamen
1114 2882 1195 2935 solito
1228 2881 1278 2934 sub
1310 2884 1430 2932 actorum
1461 2868 1641 2944 testificatione

133 2944 257 3001 Patricio
275 2954 302 3000 et
319 2946 443 3018 Hypatio
461 2964 548 3001 corios.
828 2956 863 3014 (ιι.
882 2955 942 3013 5⁰01
995 2957 1009 3004 t
1037 2950 1220 3016 Quotiensque
1236 2949 1270 3001 de
1287 2945 1386 3014 nuptiis
1404 2942 1461 3010 quis
1478 2940 1535 2994 sine
1551 2933 1663 3009 dotahbu

173 3010 213 3069 22
237 3010 277 3081 (3)
301 3012 375 3094 {clem
398 3018 429 3068 A.
455 3014 633 3068 θοιιιιιιιιιὶιιιι
648 3033 696 3086 pp.
733 3016 877 3070 ”labemus
895 3033 944 3085 pro
967 3046 972 3121 Ι
995 3018 1091 3071 mentis
1109 3027 1202 3069 mutuo
1220 3012 1394 3068 contrahendi
1417 3006 1665 3086 matrimoniumnam

133 3086 252 3148 tempore
269 3089 409 3148 primatem
426 3082 616 3136 advocatorum
634 3083 686 3136 iuri
700 3083 749 3134 u'ri
766 3083 878 3137 illustris
898 3101 944 3138 co·
995 3086 1079 3137 brutis
1103 3099 1185 3151 super
1202 3083 1309 3136 adiectu
1328 3096 1393 3134 suo.
1416 3078 1503 3129 liberis
1520 3088 1553 3127 ex
1570 3072 1665 3144 burun

134 3150 204 3201 mitis
223 3148 339 3202 Orientis
362 3164 411 3216 per
432 3150 567 3203 manniam
590 3151 650 3202 tisci
667 3151 774 3217 patroni
791 3150 866 3217 iungi
883 3150 943 3204 oui-
994 3152 1066 3218 iugio
1088 3153 1141 3203 iani
1165 3150 1319 3203 extantibus
1342 3146 1383 3201 sel
1406 3143 1516 3198 necdum
1536 3139 1665 3208 procreati

134 3217 175 3269 cio
199 3221 227 3269 et
249 3215 348 3269 solacia
371 3216 422 3269 sibi
444 3218 577 3271 communi
600 3232 733 3270 consensu
750 3217 879 3285 deputata
896 3234 945 3285 per
995 3221 1046 3272 niis
1071 3218 1284 3285 adlegationibus
1310 3215 1350 3268 uti
1375 3211 1509 3267 maluerit.
1534 3222 1579 3260 eas
1604 3216 1665 3272 aput

134 3284 204 3336 idem
222 3283 356 3336 biennium
374 3285 513 3352 consequi,
537 3284 588 3336 hoc
605 3299 711 3351 quoque
728 3292 864 3339 transacto
882 3301 945 3352 pro·
995 3303 1045 3353 pro
1063 3291 1182 3353 tempore
1199 3286 1259 3338 tisci
1276 3292 1404 3352 patronos
1413 3279 1453 3332 vel
1471 3277 1631 3335 alterutrum,
1648 3285 1665 3322 u

134 3351 277 3403 sessionem
294 3349 474 3404 advocationis
497 3351 531 3405 dc
550 3367 643 3405 onere:
668 3351 805 3405 consortio
822 3352 946 3405 videlicet
995 3360 1050 3411 est.
1072 3370 1166 3407 eorum
1191 3353 1272 3420 gestis
1296 3345 1528 3404 interuenientibus
1550 3353 1665 3396 commen

134 3418 280 3496 eorundem
303 3417 490 3497 advocatorum
514 3368 549 3471 ai
568 3418 745 3485 quadraginta
762 3420 945 3472 tantummodo
995 3420 1130 3481 videlicet,
1163 3428 1194 3473 ut
1219 3420 1272 3473 iuri
1297 3418 1418 3484 cognitae
1443 3410 1619 3479 adlegationes
1643 3403 1665 3459 a!

134 3501 205 3539 viros
223 3485 374 3551 redigendo,
397 3492 437 3537 ita
453 3494 492 3549 ut,
511 3486 534 3538 si
551 3485 597 3553 qni
612 3484 741 3552 superflui
758 3491 822 3539 sunt
838 3486 891 3538 iarn
909 3487 945 3540 ei·
995 3488 1132 3556 personis,
1163 3489 1186 3541 si
1219 3502 1288 3556 quae
1317 3488 1483 3552 competunt,
1515 3481 1665 3551 serventur*

134 3553 194 3605 dein
221 3552 355 3606 consortio
382 3553 485 3616 sociati,
512 3553 545 3607 de
571 3551 753 3606 advocationis
779 3551 870 3606 cilicio
895 3555 944 3606 mi·
997 3563 1011 3609 5
1046 3555 1096 3608 His
1113 3556 1237 3622 insuper.
1256 3554 1414 3622 quicumque
1430 3547 1502 3617 apud
1518 3546 1587 3599 viros
1603 3543 1665 3610 glou

134 3621 204 3672 nime
230 3620 387 3685 reiciantur,
414 3619 519 3673 nemine
545 3619 597 3672 alio
620 3621 657 3673 eis
680 3618 833 3684 adiciendo,
859 3620 945 3675 donec
996 3629 1115 3700 tempore
1139 3623 1263 3676 consules
1280 3619 1414 3688 mancipia
1436 3632 1486 3671 sua
1501 3615 1622 3668 libertate
1638 3608 1665 3662 dt

134 3687 312 3755 quadraginta
328 3688 445 3740 virorum
467 3702 607 3739 numerum
625 3686 816 3740 advocatorum
833 3691 944 3742 c'onsor-
995 3691 1101 3748 luerint.
1119 3691 1251 3743 antelatos
1269 3688 1327 3742 fisci
1344 3694 1470 3756 patronos
1492 3682 1525 3735 ad
1542 3674 1665 3734 amdam]

137 3760 147 3808 t
193 3755 259 3808 tium
286 3753 414 3807 excedere
441 3754 585 3820 contingat.
631 3753 673 3806 Ad
702 3754 768 3808 haec
797 3770 859 3817 eos,
891 3757 944 3824 qni,
995 3757 1161 3825 peragendas
1186 3758 1321 3825 propriam
1344 3751 1524 3808 advocationis
1541 3757 1665 3801 voccius

135 3827 215 3889 prout
238 3825 368 3874 statutum
389 3825 443 3886 est,
472 3820 532 3875 fisci
554 3822 661 3888 patroni
687 3821 859 3890 deposuerint
885 3823 944 3876 offi-
996 3830 1012 3878 6
1044 3824 1112 3878 'clare
1144 3825 1211 3877 Aliis
1229 3824 1312 3876 nihilo
1330 3823 1415 3875 minus
1430 3816 1577 3887 privilegiis,
1610 3825 1660 3864 uae

136 3891 218 3953 cium,
245 3896 340 3956 postea
366 3903 471 3968 quoque
496 3902 552 3966 uon
583 3888 719 3955 prohiberi
744 3888 864 3955 singulos
891 3896 946 3944 am
995 3891 1056 3945 dem
1072 3893 1224 3945 memoratis
1243 3891 1283 3944 iel
1300 3890 1358 3944 fisci
1380 3885 1498 3956 patronis
1522 3882 1561 3936 iel
1619 3892 1665 3958 ‘ut

135 3972 184 4023 pro
208 3971 238 4008 se
260 3971 341 4023 quam
362 3971 411 4023 pro
432 3955 515 4022 iugali
532 3969 583 4008 sua
599 3959 627 4008 et
644 3971 737 4009 socero
754 3965 782 4009 et
799 3972 879 4010 soem
896 3973 946 4011 nec
995 3959 1076 4013 tionis
1107 3975 1155 4027 pro
1188 3968 1307 4027 tempore
1338 3952 1524 4026 peragentibus
1555 3947 1665 4002 uiliciun

135 4038 189 4075 non
213 4037 311 4090 genero
337 4027 364 4075 et
389 4038 460 4075 nuru
482 4022 625 4089 liberisque
648 4024 777 4090 propriis,
800 4023 901 4078 colonis
919 4033 947 4078 et
996 4026 1105 4080 disemis
1123 4027 1208 4080 modis
1225 4026 1330 4079 indulta
1347 4031 1423 4085 sunt,
1447 4037 1480 4074 ex
1502 4019 1553 4071 hac
1569 4015 1665 4069 etiam*

135 4091 218 4143 servis
236 4089 270 4142 ad
288 4105 319 4168 se
334 4089 531 4157 pertinentibus
549 4089 731 4143 advocationis
754 4091 828 4157 iungi
845 4091 944 4145 crucio.
997 4102 1089 4146 nostra
1111 4094 1139 4146 in
1162 4109 1212 4146 sua
1234 4094 1381 4146 stabilitate
1403 4086 1543 4142 duraturis.
1578 4081 1611 4136 D.
1630 4094 1665 4135 ιι,

136 4163 151 4208 ἰ
186 4156 243 4210 Nec
261 4155 395 4210 aediculas
414 4171 506 4209 eorum
527 4163 686 4210 metatoriun
702 4171 784 4209 oncre
801 4159 945 4219 molestari,
998 4159 1177 4214 Coustuuu'uo
1189 4160 1236 4213 ioli
1248 4157 1402 4213 Arcobiudo
1417 4165 1442 4209 ct
1451 4151 1569 4208 Messala
1584 4162 1665 4202 coiisse

136 4223 159 4276 si
182 4230 270 4276 tamen
293 4224 321 4275 in
344 4238 398 4275 uua
420 4224 604 4276 tantummodo
628 4239 729 4290 suaque
753 4223 889 4278 demusin
927 4226 945 4278 li
1030 4223 1070 4282 ut
1089 4226 1130 4292 (5)
1173 4228 1231 4280 ilem
1250 4232 1281 4279 Α.
1308 4226 1405 4294 Scrqio
1428 4242 1475 4293 p.
1519 4216 1662 4272 Petiliones

137 4296 151 4342 3
177 4291 256 4343 talem
274 4290 486 4358 praerogativam
504 4290 555 4343 sibi
567 4289 700 4343 vindicare
715 4291 865 4343 maluerint.
915 4308 946 4345 ro
997 4293 1232 4348 disertissimorum
1250 4294 1301 4347 fori
1319 4240 1476 4362 praesidalis
1493 4284 1625 4341 secundae
1634 4281 1665 4349 Sy

136 4358 263 4424 sportulis
280 4363 419 4476 praeterea
435 4355 555 4419 modum,
579 4372 657 4424 quem
675 4357 770 4409 notitia
788 4359 865 4411 uobis
883 4375 945 4426 por·
996 4361 1099 4413 vinciae
1124 4362 1315 4414 advocatorum
1347 4376 1407 4412 cuui
1440 4352 1598 4423 competenti
1623 4365 1665 4402 mo

135 4431 211 4503 reeta
237 4424 363 4485 decucat
390 4431 448 4501 am
466 4439 520 4503 pro
546 4424 587 4477 his
614 4441 694 4491 quam
719 4440 768 4491 pro
793 4426 895 4479 colonis
919 4434 945 4479 et
997 4429 1149 4482 censuimus
1175 4427 1354 4481 admittendas
1380 4434 1406 4478 et
1432 4424 1550 4476 iubemus
1559 4421 1580 4451 ¹²
1610 4432 1658 4486 pro

136 4506 219 4543 servis
237 4505 328 4544 eorum
346 4491 482 4569 custodiri,
503 4491 655 4557 neminique
671 4492 795 4558 praeberi
811 4492 946 4545 licentiam
996 4495 1135 4562 primatem
1162 4512 1254 4548 eorum
1280 4510 1329 4563 per
1355 4492 1489 4547 biennium
1515 4486 1572 4540 fisci
1599 4490 1665 4552 patu

137 4558 250 4610 eundem
266 4558 374 4610 modum
392 4574 464 4610 circa
481 4559 660 4625 sportularum
674 4559 839 4612 exactionem
852 4567 946 4613 contra
996 4561 1087 4616 otticio
1113 4572 1141 4615 et
1167 4563 1268 4615 solacia
1294 4560 1344 4614 sibi
1368 4555 1501 4612 communi
1526 4567 1658 4608 consensu

137 4629 152 4674 t
187 4639 235 4678 eos
252 4623 404 4678 excedendi.
440 4624 498 4678 Nee
516 4624 549 4678 de
566 4631 655 4678 cetero
676 4640 847 4692 quemqnam,
871 4634 946 4680 ante·
996 4644 1044 4707 per
1066 4629 1136 4682 idem
1160 4630 1296 4682 biennium
1320 4628 1445 4693 consequi
1468 4625 1571 4690 hocque
1587 4624 1665 4672 trans

138 4706 218 4756 quam
237 4705 287 4759 par
310 4697 411 4744 statuta
434 4696 556 4760 tempora
578 4692 664 4759 legum
689 4692 833 4746 eruditioni
850 4709 945 4748 nosca·
995 4694 1139 4750 tensionem
1157 4696 1339 4749 advocationis
1358 4694 1390 4746 du
1410 4706 1501 4745 onere:
1527 4685 1660 4742 consortio

138 4763 154 4837 zi
169 4825 174 4834 Ι
189 4765 232 4810 tur
248 4758 403 4821 inhaesisse,
421 4773 504 4826 supra
522 4758 593 4813 dicto
617 4759 750 4812 consortio
768 4760 874 4813 sociari.
909 4761 948 4814 Et
996 4763 1141 4817 eorundem
1158 4763 1348 4817 aduocatorum
1366 4712 1408 4813 ati
1417 4759 1525 4824 triginta
1541 4760 1665 4808 tantumn

138 4824 207 4876 tilios
234 4824 424 4879 aduocatorum
447 4825 490 4879 vel
514 4825 603 4880 adhuc
629 4826 656 4879 in
675 4826 723 4878 tali
741 4829 947 4882 constitutorum
995 4829 1151 4898 redigendo,
1177 4831 1217 4883 ita
1242 4838 1285 4891 ut,
1310 4829 1333 4882 si
1359 4828 1404 4895 qui
1427 4822 1554 4893 superflui
1571 4825 1635 4874 sunt
1650 4820 1665 4871 ii

363 4922 538 4929 W—
673 4923 765 4929 “·····-·
802 4924 865 4930 --υ
1017 4927 1280 4934 -.-——..-—...--=

139 4959 369 5037 ,¹l·138‚¹‚²⁹=
387 4964 501 5026 ‘filim
574 4963 736 5028 (ἦε-ΒΞ,
749 4974 768 5024 t,
782 4975 824 5016 ³0:
836 4967 948 5029 sortasse
996 4964 1291 5016 miricaiadeadvocatis
1307 4957 1578 5013 diiursorumiudicum
1630 4954 1664 5019 (t)

134 5029 342 5153 maim?
350 5048 375 5154 Ξ
389 5034 471 5145 isui,
486 5043 520 5146 31,
530 5030 753 5147 31.t6(d.3v1k.lul·i
768 5037 826 5097 pois
838 5033 953 5146 eoictlsula·
997 5033 1030 5121 (ξ)
1043 5032 1164 5097 primii!
1174 5051 1226 5119 caia
1236 5033 1271 5092 B,
1287 5050 1330 5081 om.
1343 5030 1386 5119 sii
1433 5112 1438 5131 ι
1460 5030 1494 5087 (cl
1508 5024 1618 5140 ιἰιιιρὲἳ,
1632 5033 1665 5083 t‚⁴

137 5156 163 5204 k‘
174 5155 253 5220 ΑΡΓῙῙ·
269 5104 633 5240 Μ·ω1ιωῖἰιῐιιιιιΙί91ἰςίιιὶ)ἶ
645 5101 946 5229 iii’aiiiiitr’ri'iiiioiie(riiiif
996 5100 1059 5216 {gui
1070 5101 1163 5217 3:th
1186 5101 1277 5229 (⁸)(ioi
1287 5098 1622 5229 iiiiiioriiiiieciiristiuiii
1635 5106 1665 5206 evei

139 5225 228 5273 tuenda
249 5237 284 5275 est
305 5238 429 5305 tmenptio
452 5239 495 5278 aut
517 5247 532 5278 o
550 5224 628 5279 uiros
644 5224 777 5295 βασιλεύς,
796 5233 821 5282 ei
836 5233 907 5282 etiam
925 5251 945 5283 c.
996 5223 1665 5293 i,iacomcauiuoEusiailiasiamadiicit-‚Maii

139 5292 468 5369 ¹⁸⁹1‘12‘0d2'5mlmd‘ttts
486 5298 607 5346 cumae
625 5299 800 5362 iuuqcaduest,
817 5292 945 5348 calaico·
996 5298 1159 5366 (titiunctiO
1173 5304 1260 5350 contra
1272 5300 1378 5352 Graecos
1425 5299 1469 5360 (tei
1489 5305 1544 5344 att
1563 5292 1619 5343 iude
1635 5292 1665 5340 ad

138 5375 245 5428 κραιιιιρ
255 5358 353 5421 huosa
361 5361 397 5408 A.
437 5365 470 5423 (a)
481 5362 644 5427 iibiiqaidum
654 5365 758 5415 hocloco
768 5367 829 5416 mule
839 5367 947 5416 mama!
996 5377 1032 5417 ast
1048 5368 1158 5432 repetitio
1175 5385 1196 5416 c.
1215 5376 1243 5418 22

224 5478 231 5483 ·
262 5472 342 5483 ““·““”“
672 5483 1432 5492 ———————-———-..—-.—-----
1450 5483 1455 5489 .
1537 5481 1548 5485 -
1575 5477 1665 5484 -—-·-—

163 5518 213 5600 ,1¹8
233 5522 317 5577 u'emo
339 5523 488 5581 advocatus
507 5526 651 5583 inordina
670 5529 945 5585 comtitutosmultat
994 5531 1122 5586 aduocati
1140 5533 1269 5587 {intructi
1289 5531 1346 5585 litis
1367 5528 1529 5582 decisionem
1548 5530 1665 5597 praetuta

139 5606 190 5641 iiiii
211 5590 395 5645 tariturnmodo
407 5593 570 5671 praefectus
581 5597 735 5667 praetorio.
995 5598 1122 5653 Muocati
1158 5598 1313 5662 retrahant,
1329 5595 1379 5651 sed
1394 5596 1453 5649 sira·
1470 5611 1548 5648 iuoro
1561 5607 1665 5647 ιιιιιιιιιιι

177 5654 214 5713 19
234 5657 306 5713 Neue
328 5657 405 5731 apud
415 5659 561 5731 prauam
580 5679 645 5718 neec
662 5662 738 5735 apud
753 5664 873 5720 arbitros
889 5664 944 5718 duo
996 5664 1097 5719 adsum
1131 5672 1213 5720 icant,
