3832 6126
100 296 253 345 :remano
765 272 821 347 119
1526 278 1557 345 ll
1578 282 1618 347 58

100 460 173 513 isui
196 461 328 513 sententia
350 459 446 513 iurent.
488 460 525 512 Et
542 460 604 513 lieet
620 476 682 514 vere
699 478 761 515 cava·
813 467 829 517 6
870 460 948 540 Quod
971 460 994 514 ei
1016 467 1092 515 actor
1114 461 1230 516 uoluerit
1253 462 1342 517 subire
1359 468 1555 517 sacramentum
1572 478 1618 517 aa·

100 543 142 581 rra
164 526 218 579 alia
241 528 353 580 forsitan
376 538 429 589 cst,
454 535 542 580 tameat
564 528 634 595 quad
652 529 763 595 quiaque
814 529 929 583 lumnree
951 536 978 582 at
1000 528 1052 581 hac
1070 529 1184 595 legitime
1200 530 1281 582 fucrit
1297 531 1487 597 approbatum,
1511 546 1564 583 non
1586 530 1618 585 li·

123 594 270 656 existimat,
296 595 347 647 hoc
375 610 433 648 csse
459 594 613 647 iurandum:
641 596 763 649 omuibus
814 602 874 649 caat
889 597 915 651 ei
931 595 1038 663 penitus
1055 596 1089 648 ad
1108 596 1179 649 litem
1197 597 1341 664 pervenire.
1364 596 1410 650 sed
1429 596 1508 651 cadat
1525 599 1560 651 ab
1576 598 1617 652 iu·

99 663 209 721 mentis,
232 677 300 740 quae
317 662 359 715 vel
381 678 413 715 ex
431 662 581 731 praeteritis
599 662 764 717 descendunt
813 663 908 716 stituta
928 664 1034 716 sonorae
1056 664 1132 731 quasi
1154 664 1290 741 improbus
1312 664 1441 731 litigator,
1466 670 1494 718 et
1510 664 1620 719 tristitia

100 730 123 783 el
146 745 163 782 a
186 730 263 783 nabas
286 729 417 798 disposita
434 738 504 791 suat,
528 730 554 781 in
572 745 622 782 sua
639 730 763 783 firndmte
813 730 930 784 iudicum
952 730 978 783 ei
999 746 1059 783 cum
1084 742 1197 784 seracte⁴
1220 731 1432 784 interminatione
1450 738 1576 786 occurrat
1592 738 1620 785 st

99 796 151 849 aris.
193 796 241 851 Sin
262 804 351 850 autem
375 797 474 850 afuerit
494 797 625 850 alterutra
647 814 710 865 pars
736 802 764 851 ct
814 803 828 850 t
869 798 904 851 ab
927 796 1026 850 iudicia
1050 812 1110 849 earn
1132 814 1211 865 quam
1233 798 1383 863 longissime
1407 798 1530 867 expellet.
1571 798 1619 853 Sin

99 872 228 918 aratorem
251 880 332 919 causa
390 866 455 926 tur,
478 880 532 918 aava
550 873 611 917 ante
629 864 763 918 licentiam
813 870 901 918 autem
925 880 985 917 reus
1009 865 1059 918 hoc
1083 870 1278 919 sacramentum
1295 865 1385 919 subice
1402 866 1572 931 recusaverit,
1590 867 1619 919 iu

100 940 150 985 ttar
166 932 239 985 litem
253 947 365 985 exercen
385 948 428 984 am
443 947 491 983 sua
517 933 676 985 iroeuratari
689 948 763 985 mau-
814 932 856 985 his
882 931 1014 999 capitulis,
1042 934 1128 999 qnae⁶
1152 933 1305 985 narratione.
1331 949 1389 985 cam
1409 933 1521 987 rehensa
1546 940 1618 997 sunt,

101 999 110 1052 i
132 1000 208 1067 prius
230 1000 297 1053 actis
320 948 554 1053 intervenientihas
576 1000 604 1052 iu
627 999 764 1067 provincie
814 1014 863 1067 pro
890 1000 1012 1053 confessa
1036 999 1168 1052 habeatnr
1194 1004 1221 1053 et
1246 1000 1324 1052 liceat
1355 1000 1380 1052 ia
1400 1000 1434 1052 ici
1461 1000 1618 1053 senteutiam

100 1067 134 1120 de
153 1068 173 1119 't
196 1074 391 1120 sacramentum
415 1067 564 1119 caltimniae
582 1067 686 1120 subeat.
722 1066 763 1119 Si·
814 1066 947 1134 proferre,
972 1065 1190 1134 quemadmodum
1214 1068 1257 1119 et¹
1280 1068 1339 1133 ipsa
1362 1068 1400 1119 rei
1423 1069 1539 1135 qualitas
1556 1082 1619 1135 sug·

99 1150 123 1187 ιο
144 1133 201 1187 asi
218 1150 281 1187 reus
298 1134 397 1187 afuerit
418 1144 446 1187 et
468 1134 581 1187 forsitan
600 1134 639 1187 vel
658 1148 706 1201 per
722 1134 763 1188 iu·
815 1142 829 1186 s
864 1134 982 1201 gesserit.
1027 1134 1071 1187 Sic
1097 1135 1166 1186 enirn
1192 1149 1245 1187 non
1271 1135 1329 1187 lites
1347 1134 1447 1192 salvam,
1471 1134 1517 1187 sed
1539 1135 1620 1187 etiarn

99 1201 157 1255 salvi
175 1201 371 1269 stipulationem
388 1206 588 1269 procuratorem
602 1201 765 1255 ordinaverit
815 1201 1019 1255 calumniatores
1041 1202 1204 1257 minuentur.
1228 1201 1266 1253 sia
1290 1218 1339 1267 pro
1362 1200 1464 1254 indiciis
1485 1202 1621 1269 putabunt

99 1284 145 1322 sor
166 1285 217 1336 pro
241 1284 272 1321 eo
296 1270 478 1331 intervenerit,
503 1277 529 1321 et
552 1269 609 1337 ipse
627 1269 667 1321 vel
684 1284 762 1336 prae·
814 1284 873 1322 sese
890 1284 981 1322 omnies
998 1268 1026 1320 in
1044 1268 1167 1321 sacrariis
1185 1268 1252 1320 sisti.
1287 1270 1308 1319 si
1326 1272 1394 1320 enaim
1412 1278 1439 1321 et
1456 1270 1529 1335 ipsae
1545 1268 1618 1336 priu-

99 1352 139 1389 ›re
156 1352 205 1404 per
223 1350 251 1389 se
269 1336 309 1389 vel
326 1352 373 1403 per
390 1337 548 1389 instructum
564 1344 763 1402 procuratorem
814 1336 914 1403 ripales
932 1336 1090 1402 litigantium
1108 1342 1199 1402 partes
1216 1351 1264 1402 pcr
1282 1336 1455 1388 intrumentum
1470 1337 1528 1389 lites
1544 1352 1617 1389 exer·

110 1404 223 1457 absente
239 1418 280 1465 eo,
298 1404 321 1457 si
338 1404 389 1455 hoc
407 1402 486 1457 iudex
538 1404 677 1471 rspererit.
695 1403 764 1455 iuter
814 1410 893 1455 ceant
916 1408 944 1455 et
965 1417 1106 1455 causarum
1129 1402 1234 1470 patraui
1257 1403 1404 1469 praebeant
1422 1410 1617 1456 sacramentum

99 1482 207 1523 neutram
222 1470 385 1538 praestiterit
393 1473 418 1534 ¹⁸,
437 1485 489 1538 qua
518 1486 591 1523 raum
602 1470 667 1523 dare
685 1476 764 1523 antea
814 1478 841 1521 et
858 1470 909 1537 ipsi
927 1468 1028 1522 indices
1045 1469 1189 1536 propositis
1207 1470 1307 1521 sanctis
1325 1470 1463 1537 scripturis
1485 1478 1540 1523 ιιιιι
1557 1486 1619 1523 ceu·

99 1538 170 1590 vitum
193 1546 241 1590 est.
286 1538 338 1590 Sed
361 1538 424 1605 quia
441 1554 569 1593 veremur.
593 1552 627 1590 ne
650 1538 763 1590 forsitan
814 1552 861 1591 sae
882 1536 964 1589 tatius
986 1536 1088 1588 f'aciaut
1109 1536 1328 1589 examinationem
1352 1552 1432 1613 qnam
1455 1552 1532 1589 sartam
1556 1553 1619 1615 pra·

100 1606 232 1658 allusione
253 1606 344 1672 eliqua
367 1613 471 1658 utentes
499 1606 635 1659 remittere
657 1604 763 1657 videen·
815 1606 902 1657 ferent
927 1604 1080 1663 arbitrium,
1108 1602 1170 1670 qnid
1195 1603 1281 1659 aliud.
1315 1603 1365 1655 nisa
1393 1619 1442 1671 pra
1468 1604 1619 1658 hominibus

99 1672 239 1725 cuiusmodi
257 1680 452 1725 sacramentum
470 1679 496 1725 et
513 1688 546 1725 cr
559 1671 695 1740 praedicte
711 1671 763 1725 dis·
814 1670 892 1723 deum
921 1670 949 1723 ia
974 1670 1096 1723 erunibus
1123 1671 1211 1723 causis
1237 1669 1349 1723 indicem
1375 1686 1434 1724 esee
1459 1671 1619 1725 credendum

99 1758 125 1791 ie
144 1751 263 1793 nostram
281 1740 446 1793 sanctionem
463 1738 604 1803 deludent,
628 1740 763 1791 sancimus
815 1744 849 1791 Sa
891 1742 951 1790 cst?
994 1737 1112 1805 Antiqua
1142 1738 1232 1805 itaque
1258 1737 1389 1790 calumnie
1415 1739 1567 1805 quiescente
1592 1745 1621 1791 et

103 1807 190 1870 dices,
218 1807 280 1859 lieet
306 1822 339 1859 ex
371 1807 560 1885 compromisso
592 1812 762 1873 cogitassent
814 1806 871 1859 eius
893 1804 1048 1871 ambagibus
1073 1805 1225 1857 constitutio
1251 1812 1342 1857 uastra
1365 1804 1482 1858 dilucida
1503 1812 1531 1859 et
1547 1821 1619 1859 com-

99 1891 174 1926 suum
200 1884 363 1935 exercentes,
390 1890 453 1941 qina
476 1890 529 1925 nan
554 1890 602 1941 pra
625 1873 763 1925 cammada
813 1872 942 1941 pendisse
963 1872 990 1924 in
1014 1872 1091 1925 terris
1115 1871 1215 1924 clareat
1238 1872 1359 1925 erunibus
1381 1880 1409 1924 et
1425 1872 1460 1924 sit
1477 1872 1619 1926 maximum

99 1958 133 1997 ιι.
157 1942 205 1994 sed
230 1957 277 2009 pra
302 1941 435 1993 communi
457 1942 571 1994 utilitate
597 1948 763 2007 praesentem
814 1948 829 1991 a
871 1937 1074 1992 dirimendarum
1102 1954 1241 1991 ceavsarurn
1269 1938 1419 1991 remedium.
1463 1940 1515 1992 Sed
1541 1954 1618 2007 praa·

99 2011 209 2069 serianus,
233 2010 339 2061 minime
362 2008 418 2076 pati
435 2008 490 2061 tale
507 2016 702 2061 sacramentum
721 2022 761 2059 re·
814 2007 913 2059 dictum
931 2016 1125 2059 sacramentum
1144 2006 1171 2057 iu
1189 2006 1279 2059 litibus
1299 2006 1403 2073 quidem
1420 2021 1489 2073 qtree
1507 2006 1620 2059 necdum

99 2076 271 2129 ¹omnimodo
289 2076 339 2128 hac
364 2084 391 2128 et
407 2076 442 2128 ab
460 2083 552 2129 actore
569 2082 597 2127 et
614 2090 631 2127 a
647 2075 764 2137 largiente
813 2084 876 2127 suut
897 2073 1038 2126 inchoatae
1061 2073 1191 2141 praestari
1215 2073 1334 2127 volamus
1358 2073 1385 2125 in
1408 2073 1466 2141 ipsa
1492 2073 1547 2127 litis
1565 2074 1619 2141 pri·

119 2144 249 2212 petalathn
272 2143 392 2195 videatur
415 2142 566 2196 huiusmodi
589 2158 631 2195 res
657 2142 762 2195 defveu·
818 2148 846 2193 lb
889 2140 999 2194 mardie.
1050 2142 1095 2193 Sin
1121 2148 1209 2193 autern
1236 2156 1333 2193 causae
1360 2140 1447 2193 adhue
1473 2141 1619 2209 pendentes

99 2218 289 2265 sacramentnm
312 2211 351 2263 vel
377 2210 563 2277 principalium
590 2225 763 2277 personatam
813 2208 981 2261 inveniantur
998 2207 1039 2261 vel
1062 2217 1122 2275 past
1146 2208 1219 2260 litent
1243 2214 1417 2261 contestatam
1434 2215 1462 2261 et
1478 2216 1541 2287 past
1556 2208 1620 2261 eali·

99 2290 219 2331 satorum
251 2294 284 2331 ex
315 2292 481 2345 quacumque
513 2280 607 2345 parte²
638 2276 762 2329 mutilari.
812 2280 855 2329 tas
881 2274 1019 2328 iudiciales
1051 2274 1170 2329 caritelas
1195 2275 1248 2327 iam
1274 2275 1428 2342 praestitas,
1462 2292 1486 2329 sa
1517 2275 1620 2355 qnidam

98 2348 177 2398 etiarn
203 2346 266 2399 huie
293 2345 343 2412 legi
369 2343 519 2398 addendum
542 2360 601 2397 esse
620 2344 763 2405 sariciuaus,
813 2350 919 2410 praesto
937 2342 1019 2395 fuerit
1040 2349 1153 2409 atraque
1176 2357 1291 2409 persona
1313 2350 1341 2395 et
1357 2343 1384 2395 in
1402 2342 1493 2395 eadem
1512 2344 1619 2396 civiate

99 2442 111 2465 s
130 2430 178 2481 pro
196 2414 248 2466 alia
267 2413 339 2465 litem
357 2428 459 2465 movere
473 2412 585 2465 valuerit
600 2411 672 2465 nulla
689 2425 762 2463 man·
813 2411 855 2463 vel
871 2410 899 2463 in
916 2408 1050 2463 territorio
1065 2410 1121 2462 eius
1137 2416 1263 2471 moratur,
1281 2417 1308 2462 et
1325 2409 1352 2462 in
1366 2408 1408 2463 hia
1423 2410 1514 2463 litibus
1530 2426 1619 2463 secre-

98 2490 154 2539 eta‚
174 2480 221 2533 sed
242 2496 291 2548 per
313 2480 509 2533 fideiussionem
533 2488 618 2531 rafaim
642 2494 697 2530 rem
715 2478 762 2531 do·
814 2486 930 2530 ruentum
954 2477 1040 2529 locam
1065 2476 1164 2529 habere
1181 2484 1209 2529 ot
1225 2476 1252 2529 iu
1270 2477 1354 2543 prima
1372 2477 1520 2544 posthanc
1536 2478 1619 2543 legem

98 2548 226 2600 abiturum
244 2564 319 2601 snam
337 2562 478 2614 personam
496 2546 648 2609 firmaverit,
672 2562 705 2598 ne
723 2545 764 2597 vel
817 2549 844 2597 11
882 2545 1003 2611 ingressu
1027 2543 1148 2610 canipelli
1170 2542 1352 2597 iusiurandum
1381 2552 1526 2613 praestare
1573 2544 1618 2596 b'in

100 2614 272 2668 achinneione
289 2615 331 2667 lcx
350 2614 532 2667 circumscribi
550 2612 677 2672 videatur,
702 2628 763 2665 sau·
814 2619 902 2665 autem
920 2626 1052 2679 unapars
1071 2610 1176 2673 afuerit,
1198 2625 1232 2664 ne
1255 2611 1375 2663 videatur
1396 2616 1506 2678 propter
1523 2610 1616 2663 absen-

114 2681 179 2750 quid
197 2683 250 2735 tale
267 2682 294 2734 in
312 2690 448 2750 pasterum
471 2680 620 2743 emerserit,
642 2681 697 2733 sive
715 2696 763 2747 pro
813 2679 877 2731 tiam
895 2693 1025 2746 personae
1047 2678 1080 2732 lis
1103 2677 1201 2732 differri
1218 2686 1247 2730 et
1263 2677 1361 2744 aliquid
1380 2677 1543 2731 contrarium
1560 2692 1618 2731 eve-

98 2766 151 2802 ane
179 2750 237 2816 quis
264 2749 336 2801 litem
363 2763 467 2802 unovere
490 2748 604 2801 voluerit
635 2748 689 2799 sive
715 2762 762 2814 pro
814 2745 871 2798 nint
894 2752 986 2799 nostro
1009 2746 1146 2812 proposito
1169 2752 1209 2807 et,
1232 2747 1303 2812 quod
1326 2752 1393 2811 prau
1416 2743 1571 2811 compendia
1588 2744 1619 2797 li-

98 2832 175 2895 rpore
194 2816 233 2868 vel
251 2817 309 2869 vieo
328 2816 368 2869 vel
386 2816 440 2868 alia
458 2815 637 2875 universitate,
655 2813 763 2867 fideius-
814 2813 879 2865 tium
897 2812 1079 2867 introductum
1096 2820 1145 2875 est,
1162 2812 1190 2864 in
1207 2811 1387 2865 adversariam
1405 2811 1516 2879 figurem
1529 2818 1618 2866 traus-

98 2884 180 2937 ndem
198 2884 303 2937 salitam
320 2890 470 2951 praestare,
494 2882 566 2935 litem
589 2892 677 2935 autern
696 2882 763 2934 ulte·
814 2880 955 2941 formetur,
990 2879 1112 2931 iubemus
1146 2886 1311 2945 praesentem
1347 2879 1449 2945 qnidem
1478 2894 1619 2945 personam

98 2968 140 3005 me
164 2951 323 3019 procedere,
349 2951 399 3003 uisi
417 2950 489 3003 iutra
506 2966 523 3002 e
540 2949 626 3003 iudice
644 2952 763 3003 statuen-
814 2946 965 3000 omnimoda
983 2945 1047 3000 dare
1063 2953 1266 3003 sacramentam.
1285 2946 1389 2999 abstenti
1405 2952 1493 2999 autem
1511 2946 1539 2999 ia
1554 2962 1618 3013 peu·

98 3035 145 3087 pus
171 3019 255 3071 faciat
278 3034 406 3085 personae
430 3017 590 3085 principales
614 3032 763 3071 sacramen·
814 3014 938 3068 dentibus
961 3013 1102 3067 dumtaxat
1123 3014 1214 3067 litibus
1238 3013 1382 3067 reccaredum
1405 3012 1477 3080 quod
1499 3012 1619 3081 praedic·

98 3102 126 3145 a,
144 3085 513 3153 velpraesenteadversario,
530 3084 618 3137 sibae
633 3083 763 3143 maluerit,
818 3086 846 3134 ta
882 3087 938 3133 tum
955 3086 998 3133 est
1014 3081 1066 3135 hee
1083 3080 1200 3135 concedi.
1242 3080 1288 3133 Sin
1310 3086 1399 3133 atatem
1416 3087 1529 3147 utraque
1545 3080 1619 3148 prin·

98 3170 133 3207 vro
152 3168 184 3206 eo
202 3160 306 3219 agente,
329 3152 370 3205 vel
387 3152 493 3219 penitus
510 3152 596 3204 altere
613 3158 690 3218 parte
707 3165 764 3204 ces·
815 3148 907 3227 cipalis
928 3164 1045 3227 persona
1065 3148 1174 3211 afuerit,
1200 3162 1233 3199 ne
1252 3148 1351 3201 diutins
1369 3147 1428 3201 lites
1446 3148 1619 3215 protelentur,

98 3237 124 3273 er
147 3230 210 3273 acta
234 3220 306 3288 apud
333 3218 499 3273 defensorem
527 3219 646 3272 locorum
672 3216 764 3270 huius·
815 3223 895 3269 etiem
922 3231 978 3270 sane
1003 3214 1111 3269 datione
1137 3215 1296 3268 sacrementi
1322 3216 1381 3268 litae
1402 3214 1549 3301 pendentes
1571 3230 1619 3268 sua

98 3296 247 3341 ramentum
271 3287 310 3341 vel
333 3286 368 3340 ab
390 3287 449 3355 ipso
472 3301 522 3354 pro
546 3302 598 3353 qua
621 3286 708 3351 agitur
725 3284 765 3337 vel
815 3283 959 3337 decurrent
976 3282 1090 3335 tremite.
1126 3280 1182 3335 1'1'.
1202 3297 1223 3335 ,ι
1238 3280 1264 3334 t.
1284 3280 1365 3335 ellare.
1385 3282 1620 3401 tamtaatiaapob'

100 3364 179 3424 perte
211 3354 253 3409 vel
283 3354 379 3409 idonea
405 3352 602 3407 universitatis⁴
628 3351 763 3421 procedat.
811 3357 878 3421 past
892 3348 1217 3421 camulutumdampadii
1233 3350 1372 3404 crateras
1385 3366 1424 3405 aa.
1437 3350 1490 3403 cc.⁹
1515 3355 1550 3414 [a.
1577 3354 1619 3413 31]

562 3464 1001 3476 -.------.-.-----.---.--
1027 3464 1056 3471 ..ι
1074 3464 1097 3471 -.
1125 3462 1284 3471 .----·—---
1342 3464 1423 3471 -·----
1437 3464 1441 3469 -
1467 3464 1470 3469 .
1490 3464 1495 3469 .

98 3529 188 3579 dcem
207 3527 241 3585 B,
259 3542 317 3576 vera
334 3540 408 3573 eausa
426 3524 517 3586 ΡΜ,
538 3540 609 3573 verae
626 3539 712 3573 musae
733 3518 764 3573 C’
815 3520 921 3581 22,5,31
938 3518 1193 3581 (achaicus-ud
1201 3520 1430 3581 finemdaiesh'bri
1444 3520 1548 3569 editores
1565 3520 1621 3569 inde

98 3594 181 3645 {raeci
197 3613 206 3643 .·
224 3600 331 3658 praestet
345 3593 405 3642 Hal.
458 3596 491 3652 (sl
508 3598 578 3657 parta
596 3593 652 3641 dett.
668 3608 720 3641 curn
730 3589 764 3649 Β,
814 3605 831 3636 a
847 3582 975 3637 heccardo
993 3588 1136 3637 adscribam
1151 3588 1338 3636 crcldr'tumcnnaa
1356 3604 1372 3635 a
1388 3586 1523 3636 Iustiniana
1533 3584 1621 3637 Codice

98 3663 125 3713 'R
216 3666 250 3721 (ι)
272 3660 396 3709 mucimus
421 3664 451 3707 ut
471 3659 492 3708 si
568 3658 692 3707 sancimus
710 3675 765 3707 con·
815 3654 930 3715 alienum,
956 3656 1108 3718 comperissem
1131 3663 1157 3703 ut
1178 3654 1272 3703 radetur
1294 3654 1431 3703 duodecimo
1453 3654 1544 3703 aemam
1567 3671 1621 3703 aaa·

98 3740 100 3749 ’
167 3732 200 3789 (t)
219 3727 387 3777 universitatis
415 3724 456 3776 ,Ψ
478 3746 529 3775 cam
553 3726 578 3775 h
597 3726 703 3783 lhbrot,
726 3720 765 3771 rel
815 3721 919 3785 culafcs.
930 3715 1620 3785 stertetnpntsmepnpGereatcbrederhoslbctes

97 3794 352 3856 tricamerata,
374 3791 413 3843 vel
435 3794 596 3843 universitate
615 3789 652 3842 ltl
669 3811 720 3841 cars
740 3790 765 3840 Β
812 3792 909 3853 pata).
944 3790 1018 3837 acrba
1032 3790 1174 3837 suntlcccc:
1193 3787 1269 3838 ldcrn.
1296 3789 1382 3835 Pateat
1390 3785 1504 3835 omnibus
1512 3790 1620 3836 nostram

106 3868 140 3925 (tl
153 3870 238 3912 saneta
253 3864 310 3912 011(Ι
327 3882 377 3911 cem
394 3862 426 3919 B,
436 3858 600 3909 summalae
651 3864 684 3918 (at
700 3856 768 3908 1ch
815 3870 866 3904 rem
889 3852 1014 3917 publicam
1037 3854 1228 3919 procurantibus
1249 3852 1445 3903 conventiculam
1462 3868 1506 3903 seu
1523 3854 1621 3919 oonspi·

97 3932 171 3982 ains.
188 3931 234 3979 PR
286 3929 413 3991 (sletl'C,
428 3928 485 3978 eia
528 3925 765 3989 (slexPcontraB
815 3922 936 3971 rationem
960 3921 1123 3971 iurisiurandi
1146 3920 1268 3983 religione
1285 3920 1324 3969 vel
1348 3936 1447 3983 quoquo
1464 3920 1537 3970 moda
1554 3935 1620 3971 aorn-

97 4014 137 4064 pp.
155 4013 196 4047 1111
210 3997 259 4045 lrad.
276 4004 374 4059 august,
390 3996 526 4044 iustiniana
541 4010 615 4043 ann
628 3992 765 4057 etpaulina
815 3989 920 4053 positam
937 4004 952 4036 e
970 3994 1054 4037 nostra
1071 3989 1196 4037 maiestate
1213 3987 1339 4052 prohiberi
1358 3992 1383 4037 ct
1400 3987 1530 4037 detestari:
1554 3988 1621 4037 unde

97 4078 210 4117 :abati
227 4064 281 4113 Hal
293 4083 301 4112 .·
318 4063 766 4127 qmreuuronminocomanente-fussee
816 4055 890 4104 huius
917 4056 953 4104 rei
980 4056 1089 4105 fautores
1114 4062 1139 4105 et
1161 4056 1239 4104 socios
1260 4054 1292 4103 ab
1313 4055 1380 4103 amni
1402 4053 1503 4117 publiea
1527 4056 1620 4104 honore

103 4152 149 4183 non
161 4135 195 4180 ad
204 4134 266 4180 lsarsc
276 4132 349 4179 locum
358 4132 479 4193 pertinere
490 4142 583 4179 coarctat
592 4140 639 4178 arra
652 4148 681 4178 cr
691 4146 765 4192 prce·
815 4122 862 4172 sibi
880 4122 1007 4171 eanrnnssa
1025 4123 1141 4171 inferniee
1164 4132 1223 4171 nata
1239 4122 1377 4186 privemus,
1399 4136 1449 4170 nan
1473 4120 1621 4171 habentibus

97 4201 170 4250 h‘ona'.
186 4218 248 4263 panc
263 4200 347 4248 incidit
363 4200 386 4246 r'n
403 4216 479 4246 uanos
494 4210 536 4247 aaa
551 4208 573 4245 ct
587 4208 632 4255 att,
651 4215 721 4260 quirin
738 4212 766 4243 ec
816 4194 898 4239 autern
921 4190 952 4237 ad
976 4188 1055 4237 ullurn
1080 4188 1175 4253 publici
1199 4190 1300 4239 lionoris
1317 4188 1421 4251 gradum
1439 4187 1571 4239 accedendi
1588 4188 1620 4237 li·

97 4256 148 4317 14¹1oe
165 4268 299 4315 praemutatio
318 4267 406 4315 citatur
425 4266 448 4313 ιἰι
459 4265 518 4315 lnge,
534 4266 570 4327 (d,
582 4274 613 4322 16,
625 4274 643 4319 1)
659 4262 766 4327 prorrsul·
815 4256 922 4306 acutiam
940 4258 1039 4321 pellitus
1055 4264 1219 4321 ttntputanius.
1254 4258 1357 4306 eddadem
1381 4256 1540 4306 additamenti·
1556 4274 1620 4307 mett·

97 4347 114 4385 't
130 4335 154 4383 k.
173 4334 235 4383 Dec.
252 4344 300 4383 aab.
329 4334 358 4381 de
376 4334 474 4381 (horsea
492 4333 657 4382 cortrtitatianc
676 4332 698 4378 in
711 4331 766 4390 ,sirie
817 4324 1269 4391 tienernfircit0‹11p⁴rc·dasadjiciens
1288 4322 1620 4391 titriocravi(cf.saatqng

97 4420 134 4459 ra,
152 4402 186 4450 acl
203 4419 273 4464 qrcrcrn
292 4402 412 4463 referatur
426 4400 570 4463 selenc-riphe
586 4398 765 4453 Ilalocradrr'acr,
817 4392 832 4441 L
851 4410 870 4441 c.
885 4409 913 4457 p.
931 4402 991 4449 stat.

97 4488 122 4519 ιιι
132 4470 194 4528 licet,
212 4467 435 4517 <nenessitatem
453 4467 477 4514 h.
493 4478 507 4515 t.
524 4484 574 4515 cara
591 4475 704 4515 test-‚ntur
718 4464 770 4512 ΒΣ
