3832 6126
96 310 207 361 rrcsaa
228 310 472 362 smrmnrun
680 391 706 401 --
802 284 866 363 253
1488 288 1670 362 313323

96 493 181 549 :noque
197 479 366 535 testamentis
382 479 512 534 iuteresse
527 477 593 533 iuris
608 486 658 543 est,
676 479 809 535 tabulario
859 479 945 535 eidem
974 478 1027 547 legi
1057 482 1113 534 tam
1142 479 1275 535 masculos
1301 494 1380 549 quarn
1407 479 1518 534 leminea
1545 479 1671 536 oboedire

119 556 148 601 ut
174 548 280 603 cunctis
306 548 404 602 ibidem
432 547 552 602 collectis
580 547 695 615 primurn
720 547 755 601 ad
781 563 809 602 se
862 555 872 602 t
914 549 1086 616 imperantes.
1128 547 1183 602 Ubi
1208 555 1297 602 eutem
1321 554 1348 602 et
1371 549 1399 601 in
1422 547 1576 602 huiusmodi
1599 547 1670 601 vitiis

96 621 158 669 atos
180 631 286 681 omnes,
309 621 341 670 ut
364 616 420 670 sine
438 615 546 685 scriptis
565 618 698 668 testentur
706 618 722 680 ¹,
745 615 809 669 edo·
859 632 913 671 non
946 615 1077 670 naturalis
1108 615 1162 670 sive
1193 617 1311 671 masculo
1338 615 1393 669 sire
1424 615 1540 670 feminae
1566 615 1672 669 accedit

96 682 179 737 leiude
196 683 328 752 exprimat
344 683 453 739 nomine
470 682 623 752 specialiter
637 683 764 737 heredum
782 689 810 737 et
860 683 1006 748 calamites,
1026 684 1073 737 sed
1089 684 1198 737 morbus
1236 690 1311 737 ostes
1329 684 1516 752 superveniens
1534 686 1563 737 et
1578 698 1671 737 vocem

96 759 137 805 ‚tes
161 750 327 820 siugrrlorum
351 757 379 806 et
398 751 509 815 indicia,
536 765 570 804 ne
592 751 650 804 sola
673 751 810 806 nominum
859 751 971 806 abstulit
992 756 1021 805 et
1043 767 1122 806 aures
1147 701 1292 817 conclbsit,
1317 752 1341 804 si
1364 765 1495 819 ponamus
1516 750 1670 805 huiusmodi

96 820 213 872 emoratio
255 820 380 887 uicquem
402 819 583 887 ambiguitatis
607 819 707 887 periet,
731 825 809 873 etex
878 834 1001 873 creonam
1018 818 1123 873 litteras
1137 819 1274 881 ocientem,
1293 819 1389 882 omnia,
1407 832 1475 887 quae
1491 818 1573 887 priori
1587 818 1669 872 inter·

117 890 196 954 parte
214 836 254 940 vel
277 902 311 941 ex
329 886 435 954 quotis’
457 887 543 940 unciis
565 886 594 939 in
611 887 809 941 successionem
858 836 983 950 Risimus,
1009 885 1077 941 baec
1101 882 1128 938 ei
1154 900 1203 941 sue
1228 901 1310 941 manu
1332 886 1460 940 scribenti
1482 886 1669 955 permittimus.

96 954 101 1007 i
125 954 243 1008 debeant
268 961 296 1008 et
319 954 391 1023 quod
412 969 628 1022 unumquemque
651 954 809 1021 legatarium
860 959 931 1023 lli)
965 953 1013 1009 Sin
1037 960 1126 1008 autem
1148 955 1325 1009 infortunium
1342 954 1486 1008 decretum
1504 958 1559 1017 est,
1582 953 1670 1022 qnod²

96 1021 339 1076 leicommissarium
362 1021 473 1090 adsequi
490 1023 567 1077 velit:
590 1022 679 1076 omnia
696 1021 809 1089 denique
858 1022 898 1075 ite
936 1037 999 1076 raro
1031 1022 1173 1090 contingit,
1214 1028 1242 1075 et
1272 1021 1376 1087 surdis,
1410 1022 1476 1076 licet
1510 1021 1670 1075 naturaliter

108 1089 211 1155 edicat,
238 1104 308 1157 quae
331 1089 486 1143 ultimarum
510 1089 584 1157 cepit
604 1088 809 1157 dispositionum
858 1089 1012 1144 huiusmodi
1041 1105 1136 1144 sensus
1164 1090 1284 1143 venetus
1313 1095 1369 1155 eat,
1398 1094 1488 1144 temen
1510 1090 1600 1143 omnia
1628 1089 1669 1143 le-

96 1159 129 1210 ies
147 1157 205 1225 lege
224 1172 362 1211 concesse.
402 1157 506 1224 Quibus
524 1157 646 1211 omnibns
664 1171 697 1210 ex
716 1156 809 1211 ordine
860 1172 921 1211 cere
943 1162 972 1211 et
993 1157 1020 1211 in
1046 1157 1212 1212 testamentis
1236 1162 1264 1212 et
1286 1159 1315 1212 in
1339 1157 1469 1211 codicillis
1488 1164 1515 1211 et
1532 1158 1559 1211 in
1576 1158 1670 1211 mortis

96 1226 126 1277 tis
146 1241 201 1278 uno
220 1224 366 1294 eodemque
383 1227 443 1279 loco
461 1230 489 1279 et
506 1230 633 1293 tempore,
657 1224 704 1278 sed
722 1229 750 1279 et
766 1229 808 1278 te-
860 1240 944 1279 censa
968 1225 1157 1281 donationibus
1187 1232 1214 1279 et
1242 1226 1271 1278 in
1297 1226 1469 1279 libertatibus
1496 1230 1523 1279 et
1554 1226 1582 1279 in
1612 1225 1671 1279 aliie

120 1308 202 1345 mauu
228 1294 388 1361 conscriptis
415 1293 465 1346 sub
496 1294 608 1347 obtentu
634 1298 738 1361 septem
768 1296 810 1357 (ut
859 1300 874 1347 :t
918 1292 1041 1346 omnibus
1068 1293 1252 1361 permittimus.
1298 1293 1326 1347 Si
1353 1292 1422 1347 enim
1448 1308 1499 1347 vox
1528 1293 1673 1346 articulate

113 1365 165 1480 εει,
190 1361 300 1414 testium
317 1368 344 1414 et
361 1360 505 1415 eorundem
523 1361 630 1414 testium
647 1376 728 1413 manu
744 1360 808 1414 sub·
859 1360 884 1414 ei
907 1376 924 1413 a
946 1366 1044 1414 natura
1068 1375 1197 1415 concessa
1219 1367 1273 1425 est,
1300 1361 1366 1415 nihil
1389 1361 1515 1429 prohibet
1536 1376 1595 1414 eum
1614 1376 1670 1415 om·

96 1444 119 1490 s,
166 1427 242 1481 ehinc
269 1429 432 1497 consignatis
455 1434 510 1481 tem
533 1429 568 1482 eb
591 1427 675 1481 isdem
693 1428 808 1482 testibus
858 1428 904 1482 uia
927 1442 996 1496 quae
1013 1428 1100 1483 voluit
1120 1429 1222 1494 iecere,
1247 1429 1429 1496 quiescimus
1471 1428 1582 1483 uosdem
1603 1428 1671 1483 iuris

96 1496 277 1559 stabulario,
300 1497 407 1565 plenum
433 1497 565 1550 obtinebit
582 1499 665 1551 robur
682 1495 809 1550 testantis
858 1495 960 1565 peritos
978 1503 1005 1550 et
1021 1496 1073 1551 boc
1091 1496 1215 1551 subtilius
1234 1498 1365 1565 cogitasse
1383 1501 1411 1550 et
1427 1445 1530 1550 nillum
1547 1511 1607 1550 esse
1624 1512 1672 1550 ex·

97 1564 214 1617 bitrium.
249 1564 325 1631 Quae
348 1564 375 1617 in
399 1564 512 1619 eundem
534 1563 639 1618 modum
663 1568 744 1618 erunt
760 1565 808 1619 ob·
859 1563 994 1634 posuisse.
1039 1565 1067 1617 ui
1092 1564 1199 1634 penitus
1223 1581 1277 1618 non
1304 1564 1425 1630 exaudit,
1452 1563 1475 1618 si
1519 1564 1561 1618 uis
1587 1579 1672 1633 supra

96 1630 135 1696 da,
154 1633 274 1700 quemvis
291 1648 346 1687 non
361 1632 473 1687 heredes
488 1632 637 1698 instituere,
656 1631 704 1686 sed
721 1631 809 1698 legate
859 1632 998 1687 cerebrum
1051 1632 1093 1686 ius
1116 1633 1253 1754 loqluetum
1278 1631 1426 1712 secundum
1450 1581 1522 1700 qnod
1548 1631 1670 1686 Iuventio

1170 1716 1189 1754 n
1212 1716 1244 1754 eo

100 1700 142 1752 vel
160 1699 365 1754 fideicommissa
384 1707 410 1754 et
426 1701 453 1753 iu
472 1716 576 1754 summa
594 1715 663 1767 qnae
681 1700 808 1753 codicillis
860 1705 875 1753 t
911 1699 988 1754 Celso
1007 1699 1116 1769 placuit.
1261 1707 1360 1763 autem,
1384 1716 1428 1753 cur
1448 1701 1558 1754 morbus
1576 1715 1669 1781 super-

127 1767 261 1821 bebentur
291 1782 409 1835 conmua
438 1767 544 1821 duxerit
570 1768 727 1821 ordinanda.
771 1768 810 1821 et
858 1767 987 1822 veniens·
1004 1768 1124 1822 auditum
1140 1768 1325 1822 tantummodo
1342 1767 1463 1831 abstulit,
1485 1782 1535 1821 nec
1553 1767 1671 1821 dubitari

96 1850 201 1889 romena
222 1834 351 1902 fragilitas
375 1835 468 1889 mortis
485 1836 630 1956 praecipue
648 1835 809 1915 cogitatione
858 1839 961 1905 potest,
985 1836 1048 1904 quin
1071 1836 1157 1904 possit
1177 1836 1267 1890 omnia
1289 1836 1346 1890 sine
1363 1835 1452 1903 aliquo
1471 1835 1610 1889 obstaculo
1629 1834 1669 1888 la-

96 1902 218 1956 rminus
241 1904 368 1956 memoria
391 1904 476 1972 possit
501 1919 543 1956 res
562 1919 653 1972 pures
672 1918 808 1970 consequi,
859 1911 874 1958 tr
914 1917 984 1958 cere.
1027 1903 1074 1958 Sin
1101 1919 1164 1958 vero
1191 1919 1270 1958 eures
1296 1902 1401 1972 quidem
1428 1910 1538 1971 apertae
1563 1903 1617 1956 siut
1643 1907 1671 1956 et

96 1971 161 2024 :eis
184 1970 294 2024 licentia
316 1971 480 2025 voluntatem
503 1987 581 2025 suam
604 1972 660 2024 sive
681 1971 708 2024 in
725 1976 808 2025 testa·
858 1986 950 2026 vocem
967 1972 1134 2040 recipientes,
1153 1972 1243 2039 liugos
1263 1980 1351 2026 autem
1374 1972 1481 2040 penitus
1505 1969 1670 2039 praepedita,

101 2039 141 2092 sel
165 2038 193 2091 in
216 2037 332 2092 codicilli
353 2045 446 2094 tenore
471 2040 646 2107 compositam
665 2039 710 2092 cui
728 2038 810 2092 velint
858 2040 922 2094 licet
937 2054 956 2093 a
972 2041 1106 2094 veteribus
1125 2041 1281 2094 auctoribus
1299 2039 1406 2108 saepius
1424 2039 1457 2092 do
1474 2039 1525 2093 hoc
1538 2038 1670 2091 variatum

96 2105 164 2159 rdem
189 2106 312 2173 credere,
336 2107 416 2160 utin
439 2106 532 2161 eodem
573 2112 649 2161 ostes
671 2107 809 2161 collocatis
859 2111 909 2171 est,
927 2113 1045 2161 attamen
1063 2108 1086 2161 si
1104 2114 1131 2161 et
1147 2108 1219 2161 bunc
1237 2107 1351 2177 peritum
1366 2106 1516 2161 litterarum
1531 2121 1590 2160 esee
1607 2122 1670 2174 pro-

96 2179 157 2227 εει
173 2174 316 2240 tabulario,
340 2190 369 2227 re
386 2177 466 2229 etiam
485 2182 526 2239 tut
562 2176 644 2229 ictum
662 2178 713 2235 εει)
731 2182 808 2242 pate-
878 2190 1002 2241 ominus,
1032 2176 1097 2228 nibil
1121 2176 1246 2244 prolribet
1267 2182 1295 2229 et
1317 2190 1377 2229 eum
1399 2175 1560 2228 scribentem
1582 2173 1672 2227 omnia

108 2242 184 2295 cuius
202 2256 286 2295 causa
304 2243 443 2296 convocati
460 2249 537 2308 sunt,
561 2248 589 2297 et
605 2243 729 2296 chartula
745 2258 808 2311 pro·
858 2192 959 2304 Facere,
983 2244 1038 2297 sive
1062 2245 1223 2297 naturaliter
1247 2244 1302 2297 sive
1324 2258 1373 2311 per
1391 2242 1567 2296 interventum
1585 2241 1672 2295 morbi

110 2325 190 2378 quam
209 2315 362 2379 susceptam
380 2311 502 2364 testatori
520 2311 645 2364 recitabit
659 2310 809 2366 tabularius
860 2316 875 2365 6
910 2311 1061 2365 huiusmodi
1087 2310 1265 2368 intortunium
1292 2310 1316 2364 ei
1343 2310 1464 2364 accessit.
1508 2309 1590 2363 Nullo
1616 2309 1670 2363 dis·

96 2385 121 2430 et
137 2377 260 2439 tesnbus,
278 2383 316 2443 ut,
335 2379 381 2431 ubi
395 2385 472 2433 tenor
485 2379 596 2432 eorum³
613 2378 717 2432 eunctis
732 2377 808 2431 inno·
860 2378 970 2432 crimine
988 2380 1118 2447 usquein
1136 2379 1264 2432 masculis
1282 2394 1369 2447 neque
1387 2379 1413 2430 in
1432 2377 1537 2431 leminis
1555 2379 1582 2430 in
1600 2377 1672 2431 omni

118 2445 232 2512 elogium
254 2446 313 2512 ipse
337 2462 414 2499 suum
439 2446 599 2515 profiteatur
616 2461 764 2513 agnoscere
782 2450 810 2498 et
859 2447 911 2499 iste
938 2447 1129 2500 constitutione
1155 2445 1294 2501 servando.
1340 2445 1373 2500 b.
1394 2459 1416 2499 r
1439 2444 1465 2499 t.
1490 2443 1585 2515 Mart.
1602 2444 1671 2498 Con-

96 2513 135 2565 imi
158 2512 203 2566 sni
243 2529 295 2566 uae
316 2514 387 2567 lecta
404 2521 469 2568 sunt
485 2514 649 2582 disposuisse
666 2513 808 2578 renuntia,
859 2514 1042 2585 stantirropoli
1063 2515 1324 2585 postconsulatum
1349 2511 1494 2583 lampadii
1516 2519 1543 2567 et
1569 2512 1672 2567 (truens

114 2580 168 2660 tine
198 2529 362 2650 subscriptio
391 2590 519 2663 sequetur
545 2582 656 2662 testium
679 2596 729 2634 nec
756 2596 809 2633 non
859 2599 898 2636 rto.
918 2598 954 2635 cc.
1213 2649 1218 2660 ι
1548 2584 1591 2679 ⁹[a.
1610 2583 1670 2644 331]

96 2649 492 2786 tantillitati?
511 2648 810 2784 debilitent
860 2646 1671 2785 silenitis?tt·..lt¹1¹⁰,e.¹⁰tn.tlte

96 2800 102 2836 r
125 2784 248 2838 omnibus
272 2784 338 2837 locis
357 2785 438 2839 detur
455 2786 655 2852 quaerentibus,
677 2784 808 2865 iubemus²
860 2784 964 2853 adquiri
990 2799 1044 2838 uon
1070 2792 1197 2852 possunt,
1228 2784 1360 2837 existimet
1385 2782 1483 2851 aliquid
1509 2798 1567 2837 esse
1593 2783 1670 2836 inno·

96 2852 212 2905 bulariue
230 2867 259 2905 re
295 2852 342 2905 riri
360 2868 413 2907 non
431 2854 524 2921 possit,
547 2859 670 2907 octavum
688 2850 810 2905 adhiberi
860 2853 988 2917 vandum,
1012 2860 1039 2904 et
1063 2852 1222 2920 permissum
1247 2851 1331 2904 fuisse
1356 2850 1418 2904 filiis
1442 2850 1556 2904 familias
1580 2850 1670 2904 cnius-

101 2926 178 2983 ,ut,
223 2933 258 2972 uo
303 2921 439 2974 tabulario
460 2936 509 2989 pro
532 2935 615 2988 supra
638 2919 710 2974 dicto
731 2919 809 2972 modo
860 2936 972 2988 cumque
997 2919 1097 2987 gradem
1122 2921 1163 2973 vel
1190 2934 1269 2973 sexus
1295 2922 1456 2973 testamenta
1481 2920 1583 2981 iecere,
1615 2918 1671 2972 sive

96 2987 213 3046 simus,i
249 3003 298 3056 per
315 2995 437 3041 octavum
455 2995 549 3042 testem
565 2987 689 3042 ellectum
706 2987 808 3056 capiet:
859 2988 917 3042 sine
952 2988 1037 3057 petris
1073 3003 1205 3041 consensu
1239 2988 1310 3041 bona
1339 2986 1495 3054 possideant
1524 2984 1672 3040 secundnm

100 3060 235 3122 potestate
253 3055 425 3109 concedenda
443 3071 506 3109 suas
521 3056 672 3109 uoluntates
688 3056 715 3108 in
730 3069 809 3123 prae·
860 3062 968 3109 nostrae
986 3056 995 3108 l
1029 3055 1051 3109 is
1073 3055 1285 3120 distinctionem,
1305 3055 1362 3108 'sive
1386 3070 1447 3107 cum
1468 3069 1561 3107 eorum
1577 3053 1671 3106 volun·

96 3122 221 3175 modum
240 3123 426 3178 ordinantibus
444 3124 594 3177 chartulam
611 3123 650 3176 ita
672 3123 809 3191 subscrip·
862 3131 872 3177 t
910 3129 975 3177 tate.
1045 3122 1099 3176 ullo
1122 3123 1220 3176 etenim
1243 3122 1321 3177 modo
1345 3123 1398 3176 hoc
1420 3121 1460 3176 eis
1483 3121 1670 3189 permittimus,

96 3190 128 3243 'rte
149 3190 264 3258 denique
289 3191 480 3259 consignatam,
504 3198 535 3245 ut
556 3191 689 3245 antelatae
707 3191 810 3244 formae
859 3191 907 3244 eed
930 3190 1041 3258 antiqua
1063 3189 1106 3243 lex
1130 3206 1179 3259 per
1200 3191 1289 3244 omnia
1306 3196 1492 3256 conservetur,
1517 3203 1587 3257 quae
1609 3188 1671 3242 liliis

96 3264 144 3323 ent,
163 3259 206 3310 cui
223 3258 305 3311 velint
321 3273 354 3311 ex
369 3260 500 3313 testibus*
518 3257 720 3313 custodiendam
734 3272 809 3311 man·
859 3258 973 3312 lemilies
991 3258 1043 3311 nisi
1058 3258 1086 3310 in
1102 3259 1209 3312 casibus
1225 3258 1306 3311 certis
1321 3264 1482 3311 ιεειειεειιιε
1496 3258 1584 3311 lacere
1597 3255 1671 3310 nullo

106 3325 146 3381 sic
169 3326 226 3379 lieri
248 3340 363 3394 nemque
386 3326 553 3393 confidimus,
576 3334 678 3381 utnon
698 3326 811 3394 recipiet
861 3325 985 3381 concedit
1006 3325 1097 3389 modo,
1122 3332 1149 3378 et
1170 3326 1198 3380 iu
1216 3325 1257 3379 bis
1275 3325 1409 3395 personis,
1433 3340 1503 3392 quac
1519 3323 1673 3378 huiusmodi

96 3394 194 3447 tamin
213 3394 300 3447 caecis
318 3394 435 3448 testandi
452 3394 576 3460 licentia,
600 3395 647 3448 sed
670 3410 704 3447 ne
721 3395 809 3448 locum
859 3394 1017 3448 facultatem
1050 3392 1150 3447 habere
1180 3395 1232 3447 iarn
1263 3408 1407 3447 concessae
1436 3399 1507 3447 sunt.
1557 3391 1590 3446 I).
1619 3405 1674 3445 111!

96 3477 105 3514 1
127 3461 212 3515 ullum
235 3461 368 3530 relinquat
391 3462 494 3516 insidiis
517 3466 558 3517 tot
575 3463 660 3516 oculis
679 3468 809 3530 spectata,
859 3461 886 3516 lr.
905 3465 974 3533 Aug.
995 3460 1232 3533 Constantinopoli
1248 3470 1317 3532 post
1338 3461 1508 3516 coenulentum
1526 3458 1673 3532 larnpcdii

96 3530 200 3583 sinuata
226 3530 362 3593 sensibus,
389 3535 430 3584 tot
455 3531 566 3599 insuper
588 3531 616 3584 in
638 3535 696 3583 tuto
720 3528 810 3583 locate
860 3537 887 3583 et
906 3530 1010 3584 Orestis
1028 3546 1066 3584 rio.
1085 3545 1122 3583 cc.
1557 3532 1592 3592 [a.
1611 3525 1671 3595 eet}

96 3612 129 3651 us.
170 3597 203 3651 b.
222 3595 249 3650 lc.
268 3594 330 3650 Iun.
351 3598 589 3670 Constantinopoli
607 3596 761 3652 Iustiniana
784 3603 811 3650 et
895 3594 1306 3717 12¹⁰1aemA,10tamrs¹›p.
1350 3597 1447 3650 Omnes
1469 3595 1589 3660 omniuo,
1613 3593 1672 3663 qui·

96 3665 116 3718 fo
133 3681 220 3718 conss.
696 3669 731 3729 [a.
750 3669 809 3728 eet]
861 3665 911 3718 bus
929 3664 1007 3733 quasi
1024 3664 1172 3718 castrensia
1189 3678 1256 3732 pecu
1269 3665 1294 3717 'a
1311 3663 1410 3718 bebere
1432 3677 1466 3716 ex
1486 3662 1589 3732 legibus
1607 3677 1671 3716 con·

96 3730 153 3803 bap.
173 3732 342 3785 lastinianus
360 3734 390 3786 A.
409 3731 520 3786 Irrliano
538 3750 586 3812 pp.
621 3733 764 3787 Furiosum
783 3732 809 3785 iu
861 3747 965 3787 cessum
991 3741 1046 3796 est,
1073 3732 1191 3786 babeant
1216 3732 1350 3786 licentiam
1376 3732 1404 3783 in
1429 3745 1462 3783 ea
1487 3730 1672 3785 tautummodo

96 3799 185 3854 rdudie
208 3800 329 3854 ultimum
352 3800 466 3854 condere
489 3800 602 3868 elogium
628 3817 721 3869 posse,
747 3801 811 3853 licet
861 3801 968 3854 ultimas
993 3800 1142 3854 voluntates
1168 3800 1281 3853 condere
1304 3797 1451 3853 secundnm
1476 3805 1583 3852 nostrae
1606 3811 1671 3851 cen·

96 3868 167 3936 iquis
186 3867 374 3935 dubitabatur,
398 3874 488 3922 tamen
510 3876 537 3921 et
554 3876 626 3923 retro
644 3869 810 3937 principibus
860 3868 1007 3923 stitutionis
1022 3871 1180 3931 tenorem¹¹,
1199 3882 1267 3935 quse
1281 3867 1380 3920 talibus
1398 3867 1563 3920 ιεειειιιειιιίε
1581 3865 1614 3919 de
1630 3866 1671 3918 in·

96 3936 127 3989 ris
170 3937 265 3990 lacuit:
288 3952 360 3990 nunc
384 3943 474 3990 eutem
497 3934 549 3989 boc
567 3935 744 3990 decidendum
760 3943 809 3999 eet,
861 3936 975 3991 officiosi
990 3936 1109 4003 querella
1123 3935 1316 3990 immunitatem
1331 3933 1486 4004 praestavit.
1514 3932 1546 3987 b.
1559 3931 1585 3986 t.
1596 3932 1671 4005 Sept.

96 4004 171 4057 εἰει·
195 4004 274 4057 modo
298 4004 422 4072 antiquos
441 4003 544 4058 animos
561 4004 655 4068 movit,
673 4005 696 4058 si
713 4010 810 4072 coepto
862 4003 1101 4074 Constantinopoli
1109 4012 1179 4075 post
1192 4002 1362 4057 sanatorem
1374 4000 1519 4072 Larnpadir'
1532 4008 1559 4056 et
1570 4000 1673 4056 Orestis

96 4076 209 4126 taurento
233 4071 309 4125 iuror
333 4087 393 4125 eum
415 4072 521 4126 invasit.
558 4072 696 4126 Sensimus
719 4073 810 4140 itaque
861 4090 899 4127 ort
920 4088 957 4125 cc.
1558 4073 1593 4134 [a.
1612 4072 1672 4134 tet]

96 4146 265 4194 tetamentum
288 4140 417 4205 bominis,
440 4140 486 4208 qui
509 4140 537 4193 in
561 4140 619 4208 ipso
642 4147 706 4194 ectu
726 4144 810 4194 teste·
1412 4141 1416 4148 '

99 4206 212 4261 adverse
228 4207 486 4329 veletuirillinedtieflntns
504 4208 728 4328 estliprornibillo⁴¹
739 4223 807 4262 csse.
1199 4209 1333 4269 XXIII,¹²

96 4276 290 4398 inlidit
304 4275 691 4397 ..tinnientes
706 4291 811 4397 stt
895 4311 941 4361 a
958 4309 1210 4428 rurrepppq
1223 4306 1501 4428 gqqpppppu
1519 4306 1639 4359 veser·

96 4417 181 4466 mente
207 4416 236 4464 ct
260 4411 389 4479 inceperit
415 4410 505 4464 lacere
535 4415 563 4465 et
589 4412 812 4465 consummaverit
1446 4411 1452 4424 ⁰

101 4479 149 4532 tali
175 4479 268 4533 morbo
295 4479 497 4542 interveniente,
525 4485 596 4534 stare
622 4483 810 4533 testamentum
897 4477 910 4535 l
943 4476 1011 4549 Iup.
1041 4476 1201 4530 Hadrianus
1226 4477 1258 4532 A.
1284 4475 1397 4530 Cotonio
1426 4473 1496 4529 Vero
1506 4475 1533 4528 ¹³.
1577 4473 1672 4528 Testes

96 4561 266 4616 remcumque
288 4547 408 4601 ultimam
425 4547 588 4601 voluntatem
612 4562 764 4613 censemus,
788 4548 811 4601 si
861 4547 930 4601 servi
954 4562 988 4599 en
1011 4545 1087 4599 liberi
1111 4545 1233 4610 luerunt,
1258 4559 1313 4598 non
1336 4548 1443 4611 oportet
1465 4543 1492 4596 in
1514 4540 1566 4595 hac
1589 4556 1673 4595 cerusa

96 4616 205 4671 ‚omnia
222 4615 392 4680 accesserint,
411 4629 480 4682 quae
498 4615 525 4668 in
539 4614 690 4669 huiusmodi
705 4616 811 4669 actibus
860 4614 989 4677 tractari,
1013 4630 1073 4667 cum
1098 4628 1128 4667 eo
1146 4616 1281 4681 tempore,
1305 4627 1359 4679 quo
1376 4615 1565 4664 testamentum
1582 4609 1671 4676 sigua-

96 4699 117 4737 u
138 4684 291 4738 observatio
314 4683 442 4750 sequitur.
479 4681 512 4736 n.
533 4682 559 4736 ls.
579 4683 653 4754 Sept.
680 4681 811 4737 tbrrstan·
861 4683 954 4747 batur,
978 4682 1095 4734 omnium
1118 4695 1250 4736 consensu
1268 4679 1412 4733 liberorum
1430 4679 1489 4732 loco
1508 4676 1592 4731 habiti
1610 4682 1674 4732 eunt

98 4752 118 4804 ii
136 4750 203 4805 Lara
224 4751 333 4805 odiost
352 4754 551 4805 (busseiaco.
571 4767 658 4804 conss.
695 4756 729 4816 [α.
750 4749 810 4818 530]
861 4765 911 4804 nec
929 4749 1069 4819 quisquam
1091 4749 1129 4802 eis
1151 4762 1236 4816 usqne
1252 4746 1341 4801 adbuc
1358 4752 1446 4799 status
1463 4745 1673 4799 controversiam
1781 4774 1785 4779 <

94 4817 170 4874 Idaea
209 4817 339 4872 .Ialiono
354 4837 404 4890 pp.
437 4817 569 4873 Discretis
586 4818 667 4872 srrrdo
685 4824 714 4872 et
727 4824 810 4882 muto,
861 4817 980 4871 moverit.
1016 4816 1082 4870 Sina
1100 4817 1143 4870 alie
1160 4822 1187 4870 ct
1204 4831 1291 4869 corus.

96 4902 144 4941 rou
169 4901 275 4956 semper
300 4886 450 4940 huiusmodi
474 4886 537 4940 vitia
559 4886 610 4940 sibi
637 4890 810 4951 concurrunt,
897 4882 1003 4956 'ilmp
1023 4882 1182 4938 Alexander
1198 4883 1230 4938 A.
1251 4879 1398 4953 Espedito.
1428 4878 1574 4959 ¹PublIceti
1591 4878 1673 4961 semel

96 4971 149 5019 rus,
175 4956 197 5008 si
220 4955 285 5036 quis·
303 4960 417 5023 unoque
440 4955 532 5034 morbo
550 4952 630 5035 simul
648 4953 760 5019 laborat,
784 4954 812 5008 id
861 4953 1014 5007 testamenti
1032 4951 1107 5017 tides,
1126 4951 1245 5030 quamvis
1262 4951 1517 5070 ipssrtelnzrtulenrrafuirtn
1539 4963 1605 5069 cqause¹
1617 4964 1674 5069 prlrli

96 5022 812 5160 sttttllltlglltlelsttt‘astillat.
861 5024 1361 5159 illst.belliternensi.
1379 5083 1457 5138 vass.
1491 5055 1549 5137 aa
1567 5081 1594 5137 a.
1612 5031 1672 5137 ils.

96 5159 139 5215 los
169 5173 256 5228 neque
288 5158 520 5213 fideicommissum
546 5157 696 5226 relinquere
725 5172 813 5228 neque
863 5157 952 5211 linco
971 5169 999 5209 11
1014 5163 1040 5209 et
1058 5153 1167 5232 Dextro
1185 5170 1272 5207 conss.
1559 5155 1593 5216 [a.
1612 5153 1673 5215 225]

118 5242 203 5282 cause
227 5227 397 5281 donaboncm
422 5226 558 5280 celebrere
581 5225 745 5280 coucedatur
762 5241 812 5281 nec
897 5220 1011 5282 3Idem
1029 5225 1060 5276 A.
1079 5223 1235 5343 Antigono..
1268 5219 1311 5274 Ex
1334 5218 1488 5300 imperfecto
1511 5223 1673 5272 testamento

96 5300 150 5350 tem
178 5295 233 5349 sive
256 5294 374 5348 vindicta
401 5295 455 5348 sive
480 5293 533 5348 elio
558 5292 637 5348 modo
662 5293 811 5364 imponere:
862 5306 913 5348 nee
933 5291 1122 5362 imperatorem
1164 5287 1320 5344 eredrtatem
1343 5286 1479 5342 vrndrcme
1502 5301 1583 5356 saepe
1609 5302 1673 5341 con·

539 5410 587 5417 -,
1148 5404 1281 5412 --—.——
1558 5401 1668 5410 .-——-

96 5470 156 5521 stur
172 5465 209 5520 P·
226 5485 278 5519 cun
297 5466 338 5519 B.-
361 5468 406 5518 ssd
423 5467 509 5519 taturi
525 5467 570 5517 loc
587 5467 639 5519 loco
657 5478 693 5518 est
710 5470 813 5519 tostino·
864 5464 975 5516 veniens·
991 5465 1060 5524 odd,
1086 5462 1232 5527 perveniens
1262 5459 1314 5524 ΓΡ,
1339 5461 1425 5524 postea
1450 5459 1597 5523 perveniens
1620 5457 1673 5519 Μ’,

96 5540 150 5591 ’σεε
234 5538 268 5599 (ι)
285 5535 370 5600 quotis
394 5535 422 5596 ι’,
439 5538 501 5599 quot
520 5533 592 5587 Poe
677 5537 712 5601 (s)
729 5550 812 5586 uorem
862 5536 948 5599 postea
962 5531 1139 5598 superveniens
1159 5525 1251 5580 elisit
1319 5528 1354 5590 (e)
1373 5530 1397 5590 6,
1416 5538 1481 5590 sue
1546 5526 1593 5590 (to)
1610 5544 1632 5575 c.
1647 5535 1673 5578 tt

96 5622 135 5659 tn
203 5605 237 5667 (t)
255 5618 284 5653 ex
302 5602 407 5654 testibus
427 5603 453 5667 0,
475 5602 502 5653 in
520 5602 624 5653 testibus
648 5603 691 5668 Ψ,
708 5603 812 5655 tutibus
862 5612 898 5653 est
920 5602 1023 5667 spitorne
1045 5602 1069 5664 3,
1093 5609 1129 5661 28,
1153 5607 1189 5661 37,
1213 5607 1289 5649 3-3ι
1315 5598 1386 5664 iunge
1413 5599 1436 5659 1,
1457 5605 1479 5659 3,
1502 5605 1537 5647 te.
1565 5597 1586 5657 l,
1605 5604 1626 5655 b,
1645 5602 1673 5645 2²

96 5671 231 5727 uruit
274 5672 688 5740 tetteu901,s,n.t,ro,e.r
732 5673 812 5737 (etsie
872 5672 907 5734 n)
923 5672 949 5735 3,
966 5679 1003 5734 as,
1020 5678 1048 5721 or
1099 5666 1145 5730 (n)
1166 5665 1272 5730 Beer
1290 5692 1322 5702 —
1343 5664 1381 5731 cs.
1392 5663 1523 5731 Dialem
1545 5661 1673 5729 lecture

96 5739 187 5811 itque
210 5739 267 5794 ΡΟ
318 5742 353 5809 (ι)
369 5755 421 5793 non
438 5741 485 5795 iss.
495 5738 629 5793 Mommsen
677 5740 812 5809 (uituper-
873 5732 1316 5805 criminationesque.
1335 5731 1446 5788 ΝΟΜ
