3832 6126
190 284 283 368 Vll
1010 285 1072 364 idi
1570 312 1870 368 miumnorma

193 485 349 556 suppositas
359 499 418 606 ,fro
433 483 495 537 dote
511 486 617 563 etanta
632 477 741 550 nuptias
758 477 904 536 donatione
917 481 1012 535 rehus·
1062 479 1214 534 huiusmodi
1229 478 1386 559 donatores
1400 484 1429 535 et
1441 479 1581 537 mulierem
1594 481 1685 539 dota
1698 499 1779 565 anam
1790 484 1874 565 ipsam

193 560 350 678 iiiiii
374 554 739 674 ariarathiae
755 556 1014 671 ,licitare
1064 546 1418 698 lihiirtihittttt
1436 549 1730 688 {idaim
1746 552 1875 702 dciii}

194 704 259 746 exce
279 689 362 744 tionis
377 685 542 756 praesidium
609 683 795 753 expellendum
811 685 845 739 ab
861 684 1014 754 hypotheca
1065 683 1112 754 qui
1133 683 1167 737 ab
1190 682 1266 738 initio
1291 682 1379 738 dotem
1424 683 1533 751 admit‘,
1558 686 1611 741 sibi
1637 686 1699 742 dari
1724 687 1877 743 huiusmodi

195 774 225 814 cr
271 763 356 812 torem
375 753 523 809 secundum
541 758 725 821 praestamus,
749 751 797 807 sed
815 751 897 807 etiam
914 752 937 807 si
954 753 1014 821 ipsa
1065 766 1158 806 casum
1180 750 1324 820 stipulatus
1348 757 1401 806 ast:
1424 756 1490 808 tunc
1513 753 1625 819 etenim,
1649 770 1712 810 cum
1735 770 1824 825 neque
1842 757 1875 810 ab

196 832 292 881 contra
316 824 499 878 detentatores
524 834 614 876 rerum
637 820 671 874 ad
688 820 816 874 maritum
833 835 912 876 suurn
926 820 1013 901 perti·
1064 818 1141 874 initio
1165 818 1282 887 euspicio
1305 818 1396 888 eliqua
1417 819 1561 876 liberorum
1585 822 1737 903 concurfit,
1761 823 1810 878 sed
1827 824 1877 877 sihi

195 893 316 948 nentium
335 907 367 946 su
388 905 418 943 er
435 888 520 943 isdem
538 887 697 958 hypothecis
723 887 856 956 aliquam¹
879 892 1014 943 actionem
1066 902 1171 942 omnem
1196 901 1251 940 rem
1276 886 1321 940 ille
1338 887 1384 955 qui
1407 887 1495 942 dotem
1518 887 1592 943 dedit
1613 891 1759 960 pepigerit,
1784 891 1876 945 huius·

196 959 345 1017 secundum
368 907 456 1026 fagum
480 954 679 1010 distinctionem
703 961 822 1021 moveat,
840 972 895 1010 non
920 955 1015 1010 obesse
1066 959 1082 1010 2
1116 954 1188 1010 modi
1205 959 1337 1034 tractatus
1355 954 1454 1035 habere
1471 956 1561 1011 locum
1581 973 1636 1012 non
1657 963 1759 1028 potest
1794 959 1876 1028 Atqui

196 1029 221 1083 ei
245 1025 445 1081 matrimonium
469 1023 559 1078 adhuc
584 1024 761 1078 constitutum
785 1024 936 1087 sancimus,
967 1023 1015 1077 sed
1064 1021 1094 1076 iu
1111 1022 1170 1077 aliis
1188 1021 1312 1077 omnibus
1330 1023 1452 1090 casibus,
1474 1023 1504 1078 iii
1526 1024 1623 1093 quibua
1640 1025 1700 1095 ipae
1717 1042 1774 1081 nori
1791 1027 1875 1096 stipu-

197 1096 236 1150 ita
254 1111 312 1150 cem
334 1107 415 1162 posse
439 1091 546 1146 easdem
565 1106 609 1145 res
627 1091 764 1145 undicare
781 1090 822 1145 vel
840 1106 858 1145 a
875 1090 1015 1145 creditori·
1064 1084 1136 1145 latus
1154 1095 1202 1154 est,
1220 1089 1346 1144 tristitiae
1363 1105 1428 1145 suae
1444 1090 1538 1146 mulier
1555 1091 1608 1147 hoc
1622 1093 1764 1163 proprium
1778 1093 1877 1148 haheat

196 1164 249 1217 hus
268 1160 462 1231 posterioribus
481 1159 522 1214 vel
541 1159 575 1213 ab
594 1159 666 1226 aliis,
690 1159 735 1227 qui
759 1174 812 1213 non
831 1159 939 1228 potiora
955 1158 1016 1212 iura
1066 1161 1138 1225 tit)
1172 1157 1300 1213 solacium
1317 1171 1365 1226 per
1383 1157 1514 1213 uodonem
1531 1159 1610 1215 dotia.
1639 1159 1780 1230 Similique
1797 1161 1875 1216 modo

197 1230 302 1299 legibus
321 1228 421 1283 habere
440 1232 596 1293 noscuntur,
619 1232 649 1279 ut
666 1227 813 1295 potuisset,
838 1226 862 1279 si
879 1225 1014 1280 matrimo-
1065 1224 1090 1281 si
1113 1227 1172 1294 quis
1195 1233 1383 1280 exmaneorum
1406 1225 1445 1292 (id
1466 1232 1508 1280 est
1529 1226 1575 1296 qui
1596 1241 1658 1282 enm
1679 1243 1733 1297 pro
1758 1245 1813 1309 quo
1830 1229 1865 1284 da

198 1299 272 1353 niuin
297 1311 328 1351 co
353 1295 432 1351 modo
458 1300 529 1350 esset
552 1294 720 1359 dissolutum,
745 1310 797 1363 quo
819 1293 889 1348 dotis
908 1299 1015 1348 etanta
1065 1293 1171 1347 nonin
1194 1298 1327 1361 potestate
1350 1292 1458 1359 habeat)
1482 1309 1532 1362 pro
1549 1294 1601 1349 alio
1619 1301 1684 1350 ante
1701 1304 1813 1366 naphas
1830 1296 1863 1351 do

197 1365 308 1435 nuptias
342 1363 494 1419 donationis
527 1361 633 1416 exactio
663 1361 688 1416 ei
715 1367 867 1430 competere
892 1365 1014 1442 poteret:
1065 1360 1201 1414 nationem
1223 1367 1357 1442 nupturae
1380 1360 1452 1415 dedit
1475 1361 1580 1416 mulieri
1602 1366 1631 1417 et
1646 1364 1805 1419 necessaria
1820 1380 1911 1419 mox

198 1434 237 1487 ita
254 1438 346 1487 tamen
373 1436 404 1485 ut
421 1431 515 1485 eedem
531 1429 627 1484 mulier
645 1429 746 1485 nullent
763 1428 864 1484 hebeat
880 1429 1014 1483 hcentiem
1066 1437 1193 1482 iumenta
1207 1428 1366 1489 adhibuerit,
1385 1444 1445 1482 cum
1457 1429 1571 1484 excedet
1584 1444 1717 1487 summani
1857 1457 1870 1476 ι·
1914 1485 1916 1490 ,

199 1515 245 1556 εει
265 1517 308 1554 res
327 1472 461 1554 aiienaudl
476 1499 579 1553 vivente
595 1497 691 1552 marito
709 1503 736 1552 et
756 1497 925 1552 matrimonio
943 1497 1014 1550 inter
1066 1495 1191 1556 donatio,
1215 1495 1256 1550 vel
1278 1512 1334 1550 non
1356 1496 1443 1576 minor
1459 1502 1546 1550 metm
1562 1496 1678 1578 familias
1696 1506 1818 1581 nuptuire
1834 1516 1869 1553 m.

200 1583 248 1623 eoa
271 1567 431 1629 coristituto,
460 1565 508 1621 sed
540 1564 674 1620 fructibus
702 1580 793 1619 earum
820 1565 855 1618 ad
880 1570 1014 1619 sustenta·
1066 1578 1122 1618 nori
1139 1564 1225 1620 solum
1243 1563 1278 1616 ad
1295 1578 1367 1627 eam,
1391 1579 1435 1617 cui
1452 1571 1515 1619 ante
1531 1571 1640 1633 nuptias
1657 1565 1770 1622 donatio
1788 1565 1851 1622 datu

200 1637 299 1691 tionem
325 1643 381 1688 mm
408 1634 449 1688 sui
476 1648 556 1702 quain
579 1633 669 1687 mariti
690 1631 875 1702 filiorumque,
902 1634 925 1686 si
948 1647 1015 1701 quos
1065 1637 1238 1685 monumenta
1255 1644 1330 1686 suam
1347 1630 1464 1685 habeant
1484 1631 1652 1698 imitatem,
1675 1633 1726 1689 sed
1742 1635 1849 1691 etism

202 1709 214 1759 l
256 1702 389 1769 habeant,
415 1702 551 1755 abutetur.
593 1700 778 1756 Creditoribus
802 1700 906 1755 scilicet
926 1700 1016 1754 mariti
1065 1698 1141 1754 illum
1164 1714 1213 1767 pro
1237 1712 1289 1768 quo
1308 1698 1394 1763 dedit,
1418 1704 1461 1766 ut,
1485 1699 1629 1755 siluarum
1646 1700 1673 1756 ei
1689 1716 1724 1756 ex
1741 1700 1898 1758 dotalih

200 1776 297 1827 contra
320 1786 381 1825 eum
405 1769 515 1838 citraque
538 1783 595 1833 ros,
621 1769 643 1823 si
686 1783 734 1822 uas
777 1774 853 1823 ostea
876 1767 946 1822 forte
967 1765 1015 1821 ad·
1065 1768 1152 1835 pactis
1178 1766 1330 1831 accesserit,
1356 1781 1411 1821 non
1432 1765 1484 1821 hoc
1511 1767 1589 1822 oedat
1610 1767 1750 1836 donatori,
1777 1770 1825 1825 sed
1846 1773 1903 1836 ἢ

200 1837 336 1908 quiriani,
361 1838 466 1905 integre
489 1850 540 1890 sua
562 1836 623 1889 iura
644 1834 680 1889 ha
699 1784 818 1890 auibus:
845 1835 910 1903 ipsis
936 1835 1016 1889 etiam
1065 1850 1144 1889 suum
1167 1834 1271 1888 lucrum
1294 1834 1346 1888 hoc
1368 1833 1479 1888 mantua
1507 1840 1646 1890 convertat
1667 1835 1827 1906 firmumque

199 1907 297 1961 marito
314 1912 342 1958 ct
360 1919 445 1960 uxore
461 1910 524 1972 post
540 1903 702 1958 matrimonii
717 1902 919 1958 dissolutionem
934 1917 1015 1982 super
1065 1902 1243 1957 inrevocabile
1266 1900 1378 1966 habeat,
1402 1901 1454 1957 nisi
1476 1901 1591 1957 donator
1612 1910 1641 1958 et
1662 1903 1709 1959 hic
1731 1905 1784 1960 sibi
1800 1905 1848 1961 red
1901 1943 1914 1966 .

200 1973 264 2030 dote
290 1979 318 2026 ct
344 1979 406 2027 ento
433 1971 541 2040 nuptias
571 1970 716 2025 donatione
742 1986 792 2040 pro
819 1969 948 2024 dotalium
974 1986 1015 2024 in·
1065 1969 1218 2025 huiusmodi
1237 1984 1328 2024 casum
1342 1969 1424 2024 inerit
1440 1969 1592 2052 stipulatus,
1610 1986 1645 2026 ne
1661 1977 1690 2026 et
1706 1971 1735 2027 in
1751 1972 1858 2042 praefi.
1915 2024 1916 2035 ,

200 2044 412 2096 strumentorum
422 2045 515 2093 tenore
524 2039 627 2106 integro
636 2053 686 2092 auo
699 2039 756 2092 iure
770 2037 905 2108 petituris.
931 2036 964 2092 D.
975 2050 1017 2092 111
1065 2043 1082 2091 t
1116 2052 1182 2091 casu
1205 2037 1290 2092 simile
1313 2036 1439 2092 anteiimi
1461 2038 1553 2092 vidum
1574 2039 1684 2094 oriatur.
1720 2038 1768 2095 Sin
1786 2046 1878 2097 aute
1904 2080 1915 2099 a

200 2108 237 2164 id.
256 2108 320 2163 Dec.
340 2106 384 2160 ria,
405 2105 561 2161 Ioustiniane
580 2107 610 2159 A.
631 2118 658 2159 11
674 2121 748 2159 cons.
900 2109 935 2171 [a.
954 2109 1014 2169 tlt]
1064 2105 1151 2159 minor
1175 2105 1311 2174 quantitas
1335 2104 1371 2159 sit
1388 2105 1430 2160 vel
1446 2105 1484 2158 ita
1501 2121 1545 2160 res
1561 2112 1637 2174 gesta
1654 2107 1705 2172 sit,
1729 2113 1762 2162 ut
1780 2123 1904 2170 monn

235 2174 275 2233 :le
296 2173 371 2228 litem
390 2177 421 2228 A.
442 2171 678 2293 [lanositatis
721 2172 753 2226 lii
775 2172 857 2228 rebus
879 2172 1014 2252 dotalibus
1064 2174 1216 2252 mentqrum
1238 2188 1272 2228 ex
1295 2172 1367 2226 omni
1383 2178 1461 2242 parte
1477 2173 1552 2227 nulla
1568 2174 1604 2228 sit
1620 2174 1737 2240 utilitas,
1759 2182 1788 2230 et
1809 2183 1913 2240 tnnc

200 2242 257 2299 aire
278 2241 423 2296 insilillihus
448 2240 502 2294 sire
520 2239 627 2295 immabi
640 2190 700 2295 ibus
725 2256 772 2295 seu
790 2256 819 2295 se
837 2243 1014 2305 mouenhhus,
1065 2240 1173 2295 donatio
1201 2240 1236 2295 ad
1261 2246 1403 2320 utramque
1427 2254 1569 2309 personam
1590 2241 1679 2297 valeia
1710 2249 1738 2297 et
1761 2243 1909 2305 madeus

201 2311 224 2367 at
251 2317 339 2363 tamen
362 2315 468 2372 extant,
496 2307 551 2361 slve
574 2308 731 2362 aestimatae
753 2309 809 2363 site
829 2309 1015 2363 inaestimatae
1065 2323 1157 2362 casum
1174 2308 1309 2373 lucretur,
1332 2308 1384 2361 mai
1407 2315 1435 2362 et
1456 2307 1501 2363 hic
1518 2308 1633 2363 donator
1650 2325 1712 2364 eum
1729 2311 1907 2380 stipulatus

202 2378 269 2447 sint,
303 2376 440 2431 mullerem
469 2375 496 2430 in
523 2375 565 2428 his
591 2375 757 2431 vindicandis
785 2391 890 2431 omnem
915 2376 1015 2431 habere
1065 2380 1136 2440 iti)
1171 2376 1215 2430 sit.
1250 2375 1395 2429 Praeterea
1411 2375 1554 2440 sancimus,
1572 2377 1595 2430 si
1611 2377 1670 2446 quia
1685 2377 1715 2432 iii
1730 2379 1817 2433 dotem
1831 2384 1904 2436 vel

202 2450 265 2515 qioat
288 2443 447 2499 dissolutum
471 2443 669 2498 matrimonium
693 2444 906 2513 praerogativam
924 2451 951 2498 et
967 2457 1014 2498 ne·
1064 2443 1193 2512 praedia⁸
1219 2443 1261 2498 rel
1289 2448 1390 2497 certum
1415 2443 1530 2498 reditum
1552 2445 1593 2498 sel
1622 2444 1704 2500 aedes
1725 2446 1769 2501 rel
1790 2462 1901 2515 mnes

201 2514 297 2567 atinam
322 2510 484 2567 creditorum
508 2510 611 2575 mariti,
634 2510 679 2579 qul
703 2511 851 2567 anteriores
868 2519 944 2577 sunt,
963 2511 1015 2565 sihi
1066 2511 1186 2567 aruns
1223 2510 1318 2579 pendit
1335 2511 1377 2566 sel
1392 2511 1523 2581 promisit,
1547 2512 1569 2567 si
1586 2525 1621 2565 ex
1637 2518 1759 2582 tempora
1781 2516 1901 2568 matri-

202 2579 332 2651 potiorum
357 2594 465 2633 causam
489 2579 517 2632 ln
540 2578 581 2633 liis
604 2593 652 2647 per
674 2578 852 2649 hypothecam
869 2579 1013 2643 dudime,
1063 2578 1146 2634 monii
1168 2526 1304 2634 abiissem
1325 2584 1492 2657 mansactum
1517 2578 1566 2645 si,
1591 2579 1653 2634 ilico
1676 2580 1810 2636 redituum
1838 2583 1899 2635 vel

202 2664 263 2702 cum
287 2646 395 2701 eaodem
418 2662 459 2699 res
482 2651 509 2699 ct
530 2646 565 2699 eb
587 2646 662 2700 initio
687 2647 777 2701 uxone
795 2647 904 2701 fuerant
922 2652 948 2701 et
966 2662 1013 2700 ne·
1063 2647 1222 2716 pendanum
1239 2662 1290 2701 nec
1307 2661 1362 2700 non
1375 2660 1453 2715 panis
1469 2645 1554 2701 civilis
1568 2653 1710 2716 quaestum
1723 2662 1898 2730 eumprae

201 2714 324 2771 turaliter
347 2715 374 2768 lu
399 2714 456 2768 eius
498 2719 683 2768 ermenserunt
706 2714 831 2769 dominio.
872 2714 1013 2768 nonenim
1064 2720 1149 2778 stare,
1175 2713 1280 2768 etiamsi
1305 2729 1360 2769 non
1384 2713 1484 2768 inerint
1515 2713 1604 2768 adhuc
1634 2729 1678 2770 res
1710 2715 1897 2796 principum

200 2782 271 2853 ιμιυιι
299 2782 385 2849 ioquin
414 2730 562 2835 soleditate
589 2782 720 2836 transitus
746 2797 840 2837 earum
871 2782 900 2836 in
925 2781 1014 2836 meriti
1064 2781 1193 2836 traditae:
1220 2787 1248 2835 et
1272 2781 1296 2835 si
1322 2784 1380 2835 tota
1405 2781 1454 2836 dos
1476 2780 1505 2836 iu
1529 2796 1596 2837 auro
1619 2783 1666 2849 sit,
1693 2782 1785 2838 itidem
1810 2787 1898 2861 post

200 2848 524 2974 l¹“²tt⁰l¹t¹ltt¹‘¹tl‘
547 2848 1015 2986 tristitiarum
1063 2849 1325 2985 ibitiitti
1343 2847 1617 2972 “iihidaamiii
1635 2855 1897 2987 iitihffi

200 2984 333 3041 actionem
357 2985 433 3054 quael
457 2984 485 3038 in
508 2983 659 3038 huiusmodi
680 2985 762 3039 rebus
779 2985 896 3055 propriis
913 2984 1013 3039 habere
1063 2985 1176 3040 mobiles
1193 2984 1235 3039 vel
1252 2999 1347 3038 eurum
1364 2983 1464 3038 merint
1480 2983 1508 3037 iii
1525 2984 1612 3049 dotel,
1634 2985 1691 3041 aive
1711 2986 1740 3040 in
1761 2990 1898 3055 ammte

201 3060 228 3107 ot
245 3051 464 3123 hypothecariam
482 3051 605 3106 omnibus
626 3053 787 3107 anteriorem
804 3051 951 3122 possidere,
974 3057 1013 3115 ut,
1064 3052 1119 3107 siae
1141 3053 1170 3107 in
1190 3051 1366 3106 muliebribus
1384 3051 1547 3107 ornamentis
1565 3052 1621 3107 sive
1637 3053 1666 3107 in
1682 3057 1757 3109 reete
1774 3054 1836 3109 sive
1875 3050 1900 3102 in

201 3120 305 3177 aliaest
324 3118 515 3174 naturalliure
534 3117 669 3173 eiusdem²
690 3119 809 3174 mulieris
833 3135 876 3174 res
894 3134 954 3174 esee
970 3119 1013 3174 in·
1063 3119 1123 3174 aliis
1150 3119 1375 3189 quibuscumque,
1403 3118 1427 3172 si
1470 3118 1559 3174 uidem
1584 3119 1742 3176 aestimatae
1764 3119 1900 3179 insint

201 3187 362 3257 tellryautur
380 3187 420 3241 uel
439 3185 585 3242 secuudum
602 3186 689 3255 legum
711 3186 887 3242 subtilitatem
904 3186 940 3240 ad
956 3201 1013 3241 ma·
1063 3186 1144 3241 simili
1176 3186 1254 3241 modo
1286 3193 1349 3256 post
1379 3186 1406 3243 bi
1469 3201 1514 3240 urii
1544 3193 1572 3240 et
1597 3202 1690 3243 earnm
1715 3204 1812 3244 usurae
1872 3197 1902 3236 01

201 3254 246 3310 rltl
264 3254 441 3309 substantiam
459 3255 624 3323 peruenisse,
646 3269 696 3334 per
712 3262 854 3324 utramque
872 3253 940 3308 siam
958 3255 1014 3309 sive
1063 3255 1146 3310 tenda
1169 3260 1248 3323 parte
1272 3268 1393 3308 currere:
1417 3253 1603 3309 aestimatione
1625 3269 1731 3321 earum,
1760 3255 1825 3327 quia
1881 3263 1905 3301 e

202 3323 229 3377 lu
248 3338 303 3376 rem
321 3321 375 3376 alvo
393 3322 612 3401 hypothecariam
629 3336 654 3375 ei
676 3322 830 3400 plenissime
847 3322 1011 3376 consulatur.
1063 3323 1115 3376 lioc
1131 3322 1252 3402 apertius
1269 3320 1408 3400 declarare
1422 3326 1537 3442 egomet,
1554 3336 1588 3376 ea
1601 3322 1786 3391 intellegenda,
1803 3330 1906 3393 quae

202 3396 217 3445 2
253 3389 344 3444 Ouinia
363 3394 452 3444 autum
469 3387 624 3458 temporalis
642 3395 779 3458 exceptio,
802 3389 858 3444 sive
880 3405 929 3459 per
948 3405 1013 3443 usu·
1063 3405 1114 3460 pro
1224 3389 1247 3445 ‘s
1270 3389 1411 3457 speciebus
1461 3393 1505 3443 cta
1527 3397 1568 3444 eet
1584 3390 1627 3445 sel
1642 3405 1693 3460 pro
1711 3396 1909 3460 unoquoque

202 3454 341 3526 capioriem
368 3456 478 3511 inducte
503 3458 558 3510 site
580 3471 629 3525 per
652 3455 745 3511 decem
767 3457 823 3512 aive
848 3471 898 3525 per
922 3457 1015 3536 viginti
1062 3472 1160 3526 genere
1201 3456 1312 3511 otaliunr
1368 3455 1496 3522 seierum,
1518 3456 1609 3536 idest
1630 3474 1681 3528 pro
1703 3466 1812 3528 argenta
1859 3447 1911 3500 ⁴50¹

202 3540 334 3579 uariorum
360 3524 495 3579 curricula
518 3538 565 3578 reu
587 3538 637 3592 per
653 3523 762 3593 tametsi
777 3524 820 3578 vel
837 3523 1014 3593 quadraginta
1063 3540 1113 3593 pio
1136 3524 1300 3580 ornamentis
1321 3541 1337 3577 s
1385 3531 1526 3592 proveeta
1548 3524 1660 3593 aliisque
1677 3527 1841 3595 speciebus,
1890 3520 1914 3566 0²

201 3606 331 3647 etinctum
363 3599 447 3646 metas
480 3592 534 3647 sii-e
561 3606 593 3646 eit
618 3590 672 3646 alio
699 3606 867 3661 quocumque
893 3596 1014 3660 tempore
1063 3608 1118 3648 non
1139 3607 1199 3647 esee
1223 3590 1416 3660 expectandam
1442 3599 1506 3673 post
1544 3591 1551 3605 ‘
1671 3594 1915 3649 seinamma

200 3660 301 3715 mulcro
319 3658 360 3713 rel
384 3659 486 3714 minore
509 3657 676 3723 introducta,
699 3674 732 3714 ea
755 3659 912 3715 mulieribus
929 3675 963 3714 ex
980 3674 1012 3714 eo
1064 3674 1145 3714 unam
1163 3659 1385 3714 coadunationem
1399 3663 1483 3713 totius
1499 3659 1557 3713 calc
1588 3660 1594 3673 '
1622 3660 1695 3729 qnod
1712 3663 1778 3718 ntis
1795 3663 1906 3717 sc!u

201 3733 367 3797 opponatur,
392 3742 425 3781 ex
449 3743 501 3795 quo
520 3727 625 3795 possint
643 3727 761 3781 actiones
778 3741 897 3789 morere,
919 3727 947 3781 id
972 3733 1014 3781 eet
1062 3728 1187 3797 pulosum
1204 3734 1232 3781 et
1247 3742 1297 3796 per
1314 3726 1420 3780 nimiam
1438 3727 1613 3782 subtilitatem
1624 3729 1806 3796 perniciosum
1818 3722 1914 3780 eti

201 3794 335 3864 opulentia
353 3793 458 3863 quidem
476 3794 578 3849 maritis
602 3793 755 3850 consulatis
772 3801 835 3864 post
852 3795 1013 3849 desolutum
1063 3798 1078 3847 t
1114 3795 1161 3849 Sin
1179 3800 1268 3849 autem
1286 3793 1393 3849 minime
1410 3810 1453 3848 ree
1466 3794 1576 3850 mobiles
1590 3795 1692 3850 inerim
1705 3798 1916 3852 assumar)-

201 3862 409 3917 mntrimouium.
432 3862 520 3917 miuus
543 3867 633 3917 autem
655 3862 759 3916 idoneis
781 3878 815 3917 ex
831 3878 885 3931 quo
903 3862 955 3916 hoc
972 3862 1012 3916 eis
1062 3877 1096 3917 aa
1117 3867 1181 3932 post
1201 3862 1339 3916 biennium
1361 3862 1508 3926 observari,
1532 3877 1602 3931 qnae
1623 3864 1695 3932 leges
1718 3872 1782 3934 post
1796 3864 1876 3921 lib
1894 3871 1914 3892 '¹

200 3928 376 3985 intortunium
402 3929 505 3983 illatum
532 3945 592 3985 esse
618 3930 759 3994 claruerit,
787 3945 848 3984 cum
870 3934 1012 3984 conemnte
1063 3935 1242 3985 contestatam
1259 3945 1308 3999 pro
1327 3929 1449 3984 omnibus
1465 3929 1617 3984 huiuamodi
1631 3931 1713 3986 rebus
1730 3931 1911 3988 delinit*-n

200 3998 281 4052 etlam
298 3997 468 4052 matrimonio
491 4011 571 4065 posse
594 3997 718 4052 mulieres
741 4003 837 4052 contra
854 3997 1012 4052 maritorum
1062 4001 1079 4052 8
1113 3997 1160 4052 Sin
1178 4012 1240 4051 vero
1258 4012 1302 4051 res
1396 3997 1402 4008 ’
1422 4004 1467 4051 tae
1483 3996 1585 4052 fuerint
1601 4005 1628 4051 et
1646 3998 1743 4066 partim
1761 4001 1789 4054 iii
1803 3999 1905 4055 affl

200 4079 296 4186 parum
321 4063 477 4119 idoneorum
503 4065 575 4119 boiia
601 4065 766 4133 hypothecas
792 4078 856 4118 enas
886 4079 1012 4119 exercere
1061 4064 1160 4147 partini
1175 4065 1204 4119 in
1221 4064 1281 4119 aliis
1298 4080 1328 4118 re
1347 4080 1379 4118 ne
1396 4063 1540 4120 mohihhus
1556 4065 1598 4119 rel
1614 4066 1802 4131 immobilibus,
1818 4066 1916 4137 '³'

211 4148 253 4186 arri
271 4139 364 4186 uestra
382 4131 456 4195 lenaei
474 4132 649 4185 hrimauitatis
667 4131 766 4184 intuitu
790 4131 928 4186 definitum
954 4140 1009 4186 est:
1060 4148 1115 4187 iam
1137 4131 1212 4187 iacta
1234 4131 1363 4187 dimmone
1386 4133 1476 4187 omnia
1497 4132 1650 4200 procedere.
1689 4133 1801 4190 deenn'a
1902 4140 1906 4160 ¹

199 4200 257 4254 tirti
275 4198 382 4254 diserti
399 4199 469 4253 talea
486 4199 674 4252 simulatione*
697 4199 724 4251 in
748 4196 900 4252 huiusmodi
920 4214 1010 4265 cansa,
1060 4202 1132 4255 nime
1154 4198 1311 4269 deneganda
1333 4202 1428 4254 manto
1450 4199 1557 4268 quando
1580 4201 1694 4256 voluerit
1716 4201 1806 4258 dotem
1882 4205 1912 4242 ⁴¹

219 4282 280 4321 uam
306 4273 400 4322 nostra
425 4266 469 4320 lea
494 4265 618 4333 amplexa
643 4269 699 4327 eat,
731 4264 855 4333 stirpitus
882 4265 1009 4320 eruenda.
1059 4273 1131 4331 tere,
1155 4283 1190 4322 ne
1206 4268 1230 4323 is
1247 4267 1294 4347 qui
1311 4267 1392 4323 debet
1408 4274 1486 4336 putet
1503 4267 1555 4321 sibi
1571 4267 1708 4323 licentiam
1725 4284 1785 4326 aare
1822 4297 1823 4300 ¹

226 4334 327 4389 entatu
350 4334 465 4403 septimo
489 4334 517 4385 ia
542 4349 613 4386 aero
631 4332 795 4386 coemeterio
807 4331 913 4402 palatii
927 4331 1010 4387 lasti·
1060 4342 1106 4390 tna
1129 4336 1171 4390 rel
1193 4349 1336 4403 pannones
1358 4335 1402 4389 rei
1424 4350 1521 4390 usurae
1543 4335 1585 4390 rel
1606 4335 1674 4390 alias
1701 4338 1821 4393 mensio
1915 4340 1916 4354 ¹

198 4401 282 4456 maai.
319 4398 352 4454 il.
373 4413 413 4455 ιιι
428 4398 455 4453 lx
475 4399 542 4454 il'or.
563 4397 648 4453 liceo
665 4413 704 4452 aa.
724 4413 797 4452 coes.
895 4403 929 4464 [a.
948 4405 1009 4466 tat]
1060 4402 1174 4458 solienti
1198 4402 1269 4458 dotis
1294 4403 1455 4458 sunnonem
1479 4403 1625 4472 protelare:
1653 4403 1702 4459 sed
1727 4405 1784 4460 sisa

233 4463 269 4528 31
293 4464 369 4522 irim
386 4470 418 4521 A.
437 4465 548 4520 latinae
562 4482 614 4536 pp.
650 4464 720 4543 Cum⁸
741 4463 848 4545 quidam
865 4464 942 4521 dotes
960 4484 1009 4536 pru
1034 4460 1037 4525 i
1061 4469 1196 4525 biennium
1228 4471 1284 4524 sire
1314 4477 1410 4540 postea
1433 4469 1547 4526 toluemt
1575 4470 1666 4526 dotem
1690 4487 1756 4542 pars
1791 4501 1802 4521 a

199 4538 354 4590 maurentius
377 4534 479 4588 dabant
500 4533 556 4586 sire
578 4540 678 4586 matres
698 4531 824 4612 ermqalii
843 4533 951 4601 coenan
967 4535 1010 4589 rel
1150 4546 1255 4607 ,queat
1269 4542 1298 4594 et
1311 4537 1733 4608 secundnmleqeseainer'meie
1760 4539 1865 4596 ilr-

198 4603 331 4660 extranei.
355 4610 428 4681 reete
450 4599 563 4679 quidem·
580 4613 626 4680 eas
644 4598 732 4653 nanti
748 4613 805 4653 sine
824 4610 1007 4682 monumento·
1072 4621 1086 4658 ·.
1096 4606 1184 4677 April.
1202 4605 1357 4678 hanapum
1374 4616 1403 4661 et
1412 4603 1507 4662 Oreste
1523 4623 1563 4661 so.
1581 4622 1618 4660 cc.
1636 4621 1726 4662 coam.
1757 4613 1794 4674 [a
1809 4607 1877 4664 55

198 4686 258 4725 runi
282 4670 468 4723 emanatione
492 4667 688 4735 suscipiebant:
714 4681 777 4720 runi
798 4674 888 4721 anteiri
913 4668 1009 4723 mulier

198 4736 404 4792 redhibitionem
427 4749 508 4815 caena
531 4733 715 4815 stiptilabatur
734 4738 763 4787 et
783 4732 935 4790 huiuamodi
952 4737 1008 4791 ier·

197 4802 282 4858 trima
303 4817 384 4857 casua
402 4808 547 4857 evenisset.
569 4817 579 4854 i
613 4817 631 4857 a
649 4800 746 4856 mulier
763 4808 890 4870 utpotae
907 4818 937 4858 aa
953 4819 1009 4859 non
1419 4813 1500 4873 xm,

196 4871 282 4993 m
294 4867 753 4992 bwtbiebmssatbbbabcafflog
767 4871 1008 4993 brimbs&
1031 4928 1036 4987 i
1058 4907 1106 4959 ΒΕ
1128 4909 1189 4961 m
1206 4909 1362 4964 ¹³¹⁰ffl
1378 4911 1530 4963 ACTIONR
1552 4912 1591 4962 IN
1611 4911 1662 4963 ΒΧ
1678 4913 1827 4967 8¹1¹le

195 5002 232 5059 ad
255 5020 316 5060 euni
341 5006 387 5074 qui
409 5006 500 5060 dotem
523 5003 595 5058 dedit
617 5019 667 5085 per
689 5005 838 5060 cessionem
860 5006 1008 5062 mm
1031 4994 1036 5067 ξ
1057 4975 1237 5029 ΑΟΉΟΝΕΙ
1260 4979 1602 5099 fflffifflbk
1613 4980 1754 5033 aarum
1788 4992 1816 5026 lt
1836 4986 1864 5027 1
1913 4967 1916 4978 “

197 5072 239 5127 iel
260 5074 334 5141 ipsas
356 5087 400 5127 ree
424 5072 549 5126 reddere:
573 5082 599 5124 et
624 5081 662 5126 ita
685 5072 870 5128 iamniebatur
892 5074 1008 5130 iorum
1031 5096 1036 5135 i

197 5140 557 5263 ”imitatae
571 5141 853 5264 irritanti
865 5142 1007 5265 iiim
1030 5144 1036 5237 i
1056 5142 1781 5287 ,attrectantium-'⁶⁶⁸
1802 5147 1916 5236 ⁰⁰&

195 5216 287 5354 itaque
306 5276 336 5330 iii
357 5274 511 5357 huiuamodi
532 5275 657 5355 omnibus
680 5275 789 5357 omibus
810 5276 892 5332 itnlffi
913 5294 1007 5333 moun·
1031 5304 1035 5321 ·
1056 5280 1086 5335 in
1102 5283 1241 5351 praesnti
1257 5233 1466 5340 infirmium
1582 5281 1591 5296 '
1655 5282 1736 5349 ,aad
1750 5285 1782 5339 'm
1797 5301 1833 5339 ns
1884 5283 1916 5302 Α

195 5342 1008 5414 muranensesrdnnnmpaaonaranaesae
1030 5340 1036 5409 ἕ
1057 5363 1144 5419 paene
1165 5366 1282 5422 eorpus
1303 5351 1507 5417 mestun,
1529 5350 1836 5422 nuperum·

193 5510 578 5592 malique-mnirari*
620 5514 1007 5583 tetensteten-itu.)
1055 5519 1275 5581 &tudano
1319 5521 1904 5593 taynw.,qs.l«‘taanfllflrW

193 5583 314 5641 iile.»
334 5582 391 5631 ht.
468 5581 720 5641 taldhmalatioae
738 5581 794 5633 (Ἦ
870 5584 1006 5645 (Μαι.
1154 5605 1278 5663 “Mn
1362 5597 1400 5659 (al
1418 5592 1504 5653 8²2,
1521 5600 1610 5655 t,tlt:
1631 5588 1896 5660 hadad

191 5646 507 5707 Μήζὼίιίἥοεσ.
567 5648 1033 5717 (σιμιῶΜηιῦῖιιειὲ
1098 5669 1183 5722 „Aa

186 5718 361 5796 pediale*
418 5704 1034 5795 (t·=bitedrttraa8.b⁸(a.rr.lqdat·1‚¹
