3832 6126
121 287 162 333 DE
182 284 393 334 sumamus
414 287 458 333 tt‘l’
477 285 639 333 mansu.

119 467 150 506 ne
171 452 241 505 tanti
264 452 365 506 iudices
388 451 466 519 quasi
488 451 602 505 vinculis
624 452 774 520 praepediti
790 469 845 508 non
862 468 925 521 pos·

117 521 170 574 rint
195 520 283 587 legum
308 519 413 573 veritati
438 522 467 572 et
492 518 611 573 iudiciali
636 519 735 586 rigari¹
762 536 810 588 per
836 521 925 575 omnia

116 586 279 641 satisioecre.
316 586 349 641 ll.
373 600 404 640 η
423 585 449 639 lc.
473 587 561 658 April.
585 587 822 659 Constantinopoli
846 588 925 642 Lara-

113 654 199 726 padio
216 662 244 709 et
262 655 357 710 Oreste
373 670 412 709 aa.
430 669 470 708 aa.
489 669 576 708 conss.
812 662 847 720 [a.
865 660 924 719 tto]

459 860 579 922 LXIII.²

114 960 161 1011 DE
178 959 396 1012 TEMPORIBUS
417 961 464 1012 ΕΤ
485 960 782 1012 REPARATIONIBUS
800 959 923 1009 AFPEL-

221 1028 401 1079 timorum
417 1028 483 1082 SEU
502 1028 819 1079 CONSULTATIONUM.

149 1127 163 1184 l
188 1127 269 1200 ’Imp
296 1128 492 1184 Constantinus
513 1130 545 1183 A.
568 1127 606 1181 ad
624 1127 783 1199 Crispinum.
819 1127 848 1180 Si
883 1126 924 1180 uis

113 1212 162 1263 per
186 1195 336 1250 absentiam
359 1196 512 1255 nominatus
534 1195 575 1250 vel
597 1195 632 1248 ad
655 1196 837 1249 duumviratus
858 1143 923 1248 viiio-

113 1280 226 1332 rumque
248 1264 380 1318 honorum
401 1264 502 1319 infulas
525 1263 566 1317 vei
589 1279 685 1317 munus
703 1262 812 1330 aliquod
829 1277 923 1316 evoca·

114 1334 176 1385 tus*
209 1331 246 1384 sd
270 1331 468 1399 provocationis
497 1331 625 1384 auxilium
650 1332 811 1395 cucurrerit,
836 1346 868 1384 ex
892 1344 923 1384 ea

113 1399 156 1453 die
170 1399 383 1467 interponendae
396 1398 583 1468 appellationis
599 1399 711 1453 duorum
724 1414 844 1451 mensum
857 1405 923 1452 teui-

114 1483 180 1535 pora
198 1469 222 1520 ei
241 1466 422 1546 computanda
439 1472 509 1531 sunt,
528 1483 560 1519 ex
579 1482 631 1533 quo
651 1472 746 1521 contra
759 1483 788 1520 se
804 1466 923 1519 celebra-

113 1545 167 1586 tam
179 1535 388 1590 nominationem
408 1534 533 1588 didicisse
547 1536 742 1587 monstraverit.
770 1549 831 1586 nam
845 1549 924 1602 prae·

113 1603 192 1662 senti,
210 1603 257 1670 qui
273 1604 373 1655 iactam
387 1602 595 1655 nominationem
611 1603 734 1669 cognovit
747 1606 775 1655 et
788 1602 925 1670 appellare

113 1669 237 1734 soluerit,
255 1670 345 1724 statim
361 1669 442 1723 debet
456 1669 569 1723 duorum
585 1685 704 1723 mensum
721 1670 837 1738 spatium
852 1685 924 1722 coin·

114 1739 211 1805 putari.
249 1737 281 1790 ll.
306 1750 362 1790 riri
384 1737 420 1790 iil.
440 1735 493 1790 Ial.
514 1737 692 1792 Coisstarstina
710 1740 741 1791 A.
765 1752 794 1790 ti
811 1745 839 1791 ct
857 1738 924 1790 Con-

114 1807 217 1859 stantia
238 1807 263 1859 G.
283 1821 370 1858 caries.
811 1810 845 1869 [a.
865 1808 923 1868 32⁰]

146 1871 166 1928 2
186 1871 287 1943 'impp
298 1871 498 1925 Tlrcoilasiaset
512 1871 780 1926 l'aleritiai'anasAA.
792 1871 862 1953 Cpro
872 1889 923 1942 pp.

115 1941 248 2009 Tempora
271 1940 394 1993 letalium
417 1940 520 1993 dierum
562 1956 592 1993 re
614 1939 714 1994 saeculi
737 1946 823 1993 nostri
840 1940 923 1993 beati·

114 2008 206 2060 tudine
225 2007 384 2061 credidimus
403 2007 533 2061 emendari
552 2008 681 2076 aubique
696 2007 852 2061 dilationum
868 2023 923 2061 ma·

115 2075 195 2128 arias
226 2080 406 2144 amputantes.
455 2081 483 2129 et
515 2076 593 2142 primi
624 2075 730 2144 quidem
757 2074 845 2129 iatalis
872 2075 924 2128 diei

115 2154 236 2210 tempora
252 2148 315 2211 post
337 2143 558 2211 appellationem,
585 2143 639 2196 sive
662 2144 752 2197 aviro
777 2144 923 2197 clarissimo

114 2218 218 2263 rectore
270 2210 404 2264 rosinciae
435 2211 491 2264 sive
520 2226 537 2263 a
563 2211 704 2278 spectabili
730 2211 818 2266 iudice
843 2211 925 2264 inerit

916 261 980 336 325

1586 266 1647 335 vil
1669 272 1719 336 62.
1742 271 1782 336 63

975 455 1097 519 tumque,
1120 466 1170 518 pro
1188 464 1219 503 eo
1237 449 1380 505 habebitur
1397 452 1559 520 appellator,
1584 468 1617 506 ac
1634 451 1658 506 si
1675 455 1783 507 senten·

975 519 1040 572 tiam
1058 534 1164 586 quoquo
1183 519 1262 571 modo
1279 535 1334 572 non
1353 525 1463 573 coactus
1481 521 1636 588 susceperit.
1670 519 1702 574 I).
1719 522 1785 574 111⁰

975 585 1001 639 lt.
1013 585 1073 639 Ian.
1091 585 1282 640 Valentiniana
1297 588 1328 639 A.
1344 601 1361 638 t
1375 594 1403 641 et
1415 588 1544 640 Anatolio
1563 604 1649 641 carsss.
1677 593 1711 652 [a.
1723 593 1783 652 tto]

1010 650 1029 709 3
1049 650 1116 724 Imp.
1138 650 1260 706 Iustinus
1277 655 1308 707 A.
1327 655 1429 725 Apiorir'
1441 672 1491 725 pp.
1531 654 1614 709 Nemo
1637 654 1784 709 arbitretur

975 719 1002 774 in
1020 727 1157 788 posterum
1172 721 1306 774 licentiam
1322 721 1440 775 suturam
1456 723 1696 777 consultationibus
1712 723 1783 776 ultra

975 789 1071 843 statuti
1087 790 1214 858 temporis
1232 789 1334 843 vivendi
1352 790 1439 858 spatia
1456 805 1542 858 neque
1558 806 1607 858 per
1621 790 1784 845 oblationem

975 871 1084 924 precum
1107 872 1193 924 neque
1210 871 1259 924 per
1276 872 1382 911 sacrum
1400 858 1559 927 rescriptum
1577 873 1658 926 super
1675 873 1783 926 repara·

975 925 1049 978 tione
1071 928 1125 977 tem
1145 941 1221 978 orum
1247 924 1435 992 indulgendum
1459 941 1545 994 neque
1567 928 1618 982 sub
1641 929 1783 994 praetextu

976 991 1092 1059 quodam
1109 941 1206 1046 altero:
1232 992 1279 1047 sed
1302 993 1424 1047 omnibus
1445 993 1651 1046 incumbendum
1670 1009 1728 1047 esse
1746 994 1783 1047 ii·

974 1058 1068 1127 gilanti
1083 1059 1227 1127 diligentia,
1247 1075 1299 1128 quo
1317 1061 1520 1128 provocationes
1538 1076 1628 1115 eorum
1642 1061 1713 1114 intra
1728 1064 1782 1115 sta·

975 1132 1063 1181 tutum
1087 1133 1192 1195 tempus
1215 1127 1432 1193 introducantur,
1457 1129 1494 1182 ita
1518 1134 1548 1182 ut
1567 1129 1646 1182 etiam
1664 1133 1739 1196 gesta
1755 1129 1784 1183 in

975 1195 1088 1262 iudicio,
1115 1202 1210 1249 contra
1237 1195 1308 1262 qued
1334 1201 1508 1263 provocatum
1535 1199 1592 1260 est,
1617 1212 1672 1250 non
1700 1211 1784 1265 praa

974 1263 1054 1316 tinem
1071 1264 1200 1331 temporis
1219 1263 1358 1316 tradantur
1376 1264 1473 1318 scrinio
1492 1279 1632 1317 sacrarum
1655 1263 1743 1384 episto
1771 1293 1784 1305 ·

975 1347 1046 1395 rum,
1071 1346 1105 1385 ne
1122 1331 1313 1399 praepediatur
1330 1347 1380 1399 per
1396 1332 1509 1385 astutias
1527 1331 1617 1384 fatalis
1635 1347 1664 1385 re
1693 1330 1783 1385 termi-

975 1415 1037 1464 nus,
1063 1398 1111 1452 sed
1128 1405 1177 1452 aut
1194 1399 1298 1459 statim,
1321 1407 1461 1467 postquam
1479 1400 1643 1467 appellatum
1666 1400 1713 1464 sit,
1737 1402 1786 1452 aut

975 1483 1028 1520 neu
1054 1467 1142 1520 minus
1169 1482 1249 1535 quam
1275 1475 1337 1520 ante
1364 1466 1498 1520 dimidiam
1527 1471 1631 1534 partem
1657 1466 1784 1534 temporis

975 1536 1155 1604 praebeantur
1173 1535 1279 1591 scrinio.
1303 1550 1344 1596 ne,
1369 1534 1440 1602 quod
1457 1551 1506 1602 per
1522 1549 1557 1587 ari
1594 1535 1660 1587 sties
1679 1533 1784 1588 confin-

974 1603 1013 1671 git
1035 1608 1198 1671 temporum,
1222 1602 1315 1656 tardus
1340 1602 1527 1671 apellationis
1561 1606 1640 1656 autor
1662 1618 1711 1656 suo
1730 1601 1784 1656 ilis·

975 1670 1072 1739 pendio
1090 1672 1230 1725 refutetur.
1258 1669 1290 1723 lt.
1309 1669 1335 1722 lr.
1372 1686 1408 1723 ec.
1430 1670 1667 1741 cbristaatinopols'
1678 1667 1784 1800 Maprffi

975 1755 1048 1792 coiis
1670 1742 1704 1802 [a.
1724 1742 1752 1789 at

1010 1803 1029 1862 4
1056 1804 1131 1860 Illam
1157 1806 1188 1859 A.
1219 1805 1333 1858 Tatiana
1360 1806 1491 1876 mapistro
1523 1805 1688 1874 officioram.
1733 1804 1785 1857 Per

975 1873 1046 1927 hanc
1078 1874 1192 1927 divim
1225 1874 1388 1926 sanctionem
1414 1873 1592 1938 decernimus,
1619 1878 1650 1928 ut
1675 1872 1785 1926 licentia

976 1943 1081 2010 quidem
1108 1946 1199 2009 pateat
1223 1941 1251 1994 in
1278 1941 1431 1995 exercendis
1461 1940 1703 1999 consultationibus
1729 1945 1785 1992 tam

975 2010 1135 2078 appellatori
1161 2024 1240 2078 quani
1264 2008 1391 2066 adversae
1415 2009 1485 2089 parti
1503 2009 1576 2062 nevis
1595 2009 1674 2062 etiam
1692 2008 1784 2061 adser-

975 2078 1092 2131 tionibus
1110 2077 1202 2130 utendi
1219 2077 1260 2130 vel
1278 2078 1492 2144 exceptiombus,
1515 2091 1584 2145 quae
1608 2092 1661 2130 non
1683 2075 1718 2129 ad
1737 2090 1785 2129 uo·

974 2162 1036 2199 vum
1063 2144 1209 2223 capitulum
1234 2145 1380 2212 pertinent,
1407 2145 1455 2198 sed
1481 2160 1514 2198 cx
1536 2144 1587 2198 illis
1612 2143 1736 2197 oriuntur
1758 2148 1786 2196 et

976 2213 1028 2267 illis
1046 2217 1204 2266 coniunctae
1221 2217 1291 2274 sunt,
1315 2227 1384 2280 quae
1401 2212 1473 2279 apud
1491 2212 1649 2266 anteriorem
1668 2211 1785 2266 iudicem

119 2286 124 2330 t
163 2293 235 2346 appe
256 2283 341 2342 atum,
366 2294 414 2332 sex
436 2294 575 2332 mensuum
601 2294 660 2333 esse
681 2280 810 2333 iubemus.
847 2277 924 2346 Quod
978 2285 989 2333 t
1027 2287 1174 2334 noscuntur
1196 2282 1359 2348 propositae.
1402 2279 1454 2334 Sed
1477 2284 1504 2333 et
1525 2279 1548 2333 si
1566 2296 1620 2348 qua
1637 2278 1709 2333 dicta
1727 2279 1785 2346 qui-

115 2347 134 2397 si
152 2347 241 2414 primo
258 2346 334 2400 fatali
351 2346 394 2399 die
410 2346 503 2414 lapsus
521 2354 563 2400 est
580 2346 738 2416 appellator,
761 2347 925 2400 tricesimum
961 2347 1035 2401 dem
1059 2347 1189 2415 adlegatio
1213 2347 1405 2401 monstrabitur
1428 2346 1469 2400 vel
1492 2347 1697 2401 instrumentum
1720 2362 1784 2415 pro-

115 2414 227 2481 primum
250 2414 320 2466 diem
341 2415 455 2468 alterum
478 2413 599 2468 volumus
624 2430 682 2468 esse
700 2415 816 2467 fatalem.
853 2413 924 2480 quod
975 2414 1058 2469 latum
1076 2414 1192 2483 aliquod,
1211 2417 1383 2482 probationes
1400 2419 1490 2469 tamen
1508 2415 1554 2469 illo
1570 2415 1676 2482 quidem
1692 2413 1784 2468 dabie-

115 2482 135 2533 si
158 2497 191 2534 eo
213 2496 319 2548 quoque
339 2482 490 2549 appellator
507 2482 649 2546 exciderit,
671 2481 779 2536 tertium
803 2482 925 2535 similiter
975 2490 1039 2537 runt
1063 2488 1195 2551 ternpore,
1223 2497 1312 2535 rerum
1338 2482 1409 2563 apud
1433 2499 1524 2537 sacros
1550 2483 1701 2550 cognitores
1728 2482 1785 2536 siue

115 2549 224 2601 totidem
247 2548 341 2601 diebus
364 2549 523 2603 intermissis
546 2549 654 2602 fatalem
678 2550 814 2603 observari
831 2549 923 2604 decer·
975 2551 1216 2620 procrastinatione
1240 2551 1362 2617 praeberi
1384 2555 1527 2632 poterunt,
1553 2550 1580 2603 id
1607 2565 1712 2619 quoque
1738 2565 1784 2603 eos

114 2617 209 2669 minas.
246 2616 317 2684 qaod
335 2618 357 2670 si
375 2618 471 2671 tertius
489 2634 593 2685 quoque
613 2618 705 2685 lapsus
723 2617 805 2670 inerit
821 2623 924 2685 tempo·
975 2619 1122 2683 admittere,
1141 2635 1194 2687 quo
1212 2618 1364 2672 exercitatis
1382 2634 1436 2672 iam
1454 2618 1565 2685 negotiis
1583 2617 1702 2687 pleniore
1720 2618 1784 2671 sub·

114 2684 191 2746 ralis,
216 2692 340 2751 quartum
365 2685 445 2737 etiam
467 2684 577 2738 fatalem
599 2693 661 2752 post
683 2685 846 2738 tricesimum
868 2685 923 2752 pri·
975 2687 1097 2741 veniatur
1119 2685 1237 2739 veritatis
1259 2687 1367 2740 lumine.
1408 2685 1441 2739 ll.
1466 2686 1529 2738 tls.
1549 2684 1609 2739 liiii.
1631 2685 1785 2739 Constanti-

115 2758 128 2805 2
162 2768 236 2804 mum
254 2751 323 2804 diem
341 2752 461 2805 similiter
479 2753 614 2806 observari
635 2752 811 2806 deceruimus.
847 2752 925 2819 Quod
975 2773 1011 2809 aa
1032 2757 1070 2808 oli
1087 2753 1209 2807 Raeticis
1227 2770 1299 2808 coris.
1671 2758 1704 2816 [a.
1724 2756 1784 2816 520]

115 2821 134 2873 si
158 2820 198 2872 ita
222 2820 377 2886 contigerit,
401 2824 433 2872 ut
455 2826 584 2887 quattuor
607 2819 736 2874 tatalibus
759 2820 853 2873 diebus
879 2821 924 2887 qui
1007 2772 1115 2893 ilirip.
1136 2819 1306 2874 lastinianus
1320 2822 1350 2874 A.
1369 2820 1534 2875 Triloiiiano
1554 2820 1694 2891 quaestori
1711 2820 1786 2874 sacri

114 2888 258 2955 appellavit
276 2887 415 2951 exciderit,
435 2893 500 2940 tunc
517 2887 589 2941 iutra
606 2888 686 2940 trium
704 2887 785 2940 alium
803 2903 924 2943 mensum
970 2891 1079 2962 palatii.
1122 2889 1188 2942 Cum
1211 2889 1390 2942 anterioribus
1411 2889 1514 2968 legibus
1537 2905 1570 2942 ex
1588 2889 1659 2942 omni
1677 2888 1784 2956 provin·

115 2956 231 3022 spatium
253 2970 270 3007 a
292 2966 385 3008 nostro
411 2955 518 3008 numine
536 2955 730 3023 reparationem
747 2955 802 3023 peti
819 2956 924 3023 praeci·
975 2959 1017 3010 cia
1034 2956 1069 3010 ail
1086 2957 1157 3009 bunc
1167 2959 1188 2989 ¹⁰
1209 2964 1329 3009 nostrum
1348 2957 1555 3010 sacratissimum
1575 2957 1729 3010 comitatum
1748 2955 1784 3010 sl·

114 3024 215 3092 pimus:
239 3038 294 3090 qua
316 3024 401 3091 petita
423 3038 472 3076 nec
493 3022 675 3076 adversarium
693 3022 858 3075 decernimus
876 3022 923 3075 ad·
975 3025 1044 3077 milis
1069 3040 1163 3077 cursus
1185 3022 1219 3074 ad
1242 3024 1436 3090 appellationes
1455 3023 1617 3077 exercendas
1634 3023 1784 3091 impertitus

113 3091 215 3144 moueri
233 3106 282 3144 nec
299 3090 472 3158 temporalem
489 3090 558 3143 diem
572 3105 589 3142 a
602 3091 732 3158 petitione
746 3090 923 3159 reparationis
975 3100 1030 3154 est,
1053 3089 1232 3144 necessarium
1257 3090 1334 3142 nobis
1352 3090 1437 3143 visum
1459 3096 1500 3143 est
1521 3090 1672 3144 huiusmodi
1689 3090 1785 3158 spatiis

113 3159 257 3215 numerari.
277 3157 323 3212 sed
340 3159 421 3211 trium
438 3173 559 3212 mensum
578 3159 665 3226 spatio
684 3173 717 3211 ex
735 3165 830 3225 quarto
848 3158 924 3210 fatali
978 3166 987 3212 t
1026 3160 1125 3212 iustum
1142 3159 1278 3224 imponere
1296 3157 1489 3211 libramentum.
1527 3158 1665 3211 Sensimus
1684 3158 1784 3236 itaque,

113 3226 278 3281 numerando
306 3241 415 3280 causam
440 3226 531 3279 induci
556 3226 749 3294 praecipimus,
768 3226 839 3279 lieet
861 3231 924 3278 ante
976 3228 998 3281 si
1016 3226 1122 3295 quidem
1140 3225 1347 3294 ab'Aegyptiaco
1367 3225 1404 3278 vel
1419 3225 1521 3293 Libyco
1537 3225 1619 3278 limite
1634 3225 1675 3278 vel
1690 3225 1784 3278 Orien·

113 3312 195 3348 unum
214 3294 283 3347 diem
301 3294 436 3361 reparatio
454 3293 534 3346 luerit
550 3294 701 3361 impetrata,
720 3293 784 3345 iicet
801 3293 924 3360 allegata
975 3296 1023 3348 tali
1050 3300 1140 3347 tractu
1165 3309 1249 3360 usque
1275 3294 1309 3347 ad
1336 3301 1463 3361 utrasque
1490 3292 1596 3346 Cilicius
1620 3291 1784 3346 numerando

114 3361 377 3415 iniudicioiircrum
393 3360 537 3414 illustrium
553 3362 749 3431 praefectorum
765 3376 819 3414 non
833 3360 922 3414 inerit.
976 3363 1016 3416 vel
1039 3361 1171 3415 Armeniis
1195 3363 1251 3414 et¹¹
1274 3361 1398 3428 gentibus
1425 3365 1453 3413 et
1475 3360 1546 3414 omui
1569 3360 1674 3429 illyrico
1702 3375 1785 3413 causa

114 3434 127 3481 3
163 3430 221 3482 iiec
243 3429 296 3481 hoc
319 3429 390 3497 parti
413 3429 523 3484 nocebit
545 3429 684 3494 adversae,
712 3444 774 3481 cum
797 3444 850 3481 nen
874 3429 923 3481 du·
975 3431 1057 3484 luerit
1081 3445 1154 3483 more
1177 3428 1386 3497 appellationum
1408 3428 1577 3485 transmissa,
1602 3427 1715 3495 primum
1743 3442 1784 3481 sa-

114 3497 183 3560 bius,
200 3496 249 3550 sed
267 3503 345 3550 notus
364 3496 487 3550 omnibus
506 3496 562 3550 dies
578 3497 667 3550 fatalis
683 3499 821 3564 appareat.
849 3498 923 3559 baec,
975 3506 1072 3552 mestre
1096 3497 1212 3566 spatium
1235 3496 1262 3548 in
1286 3497 1396 3563 avitique
1415 3495 1569 3548 defiuitione
1586 3509 1740 3562 permanere
1758 3501 1785 3548 et

113 3565 135 3618 si
162 3563 293 3618 adesim
319 3565 368 3616 siri
394 3563 535 3618 clarissimi
564 3565 676 3617 rectoris
703 3563 856 3642 provinciae
884 3565 924 3617 vel
978 3572 1009 3620 ta
1036 3564 1102 3618 nihii
1111 3565 1217 3633 penitus
1227 3579 1313 3631 neque
1322 3563 1437 3616 deminui
1448 3579 1533 3631 neque
1546 3562 1710 3616 adcrescere.
1738 3561 1784 3615 Sin

112 3632 301 3701 spectabilium
326 3631 445 3685 iudicum
471 3632 616 3685 sententias
644 3631 766 3684 luerita
806 3633 922 3685 allatum.
975 3640 1064 3687 autem
1086 3648 1120 3685 ex
1141 3632 1200 3685 aliis
1223 3633 1307 3684 nostri
1329 3630 1432 3711 imperii
1454 3631 1575 3697 partibus
1595 3630 1649 3683 sive
1667 3630 1785 3684 Asmnae

112 3705 184 3765 tlt)
219 3699 297 3778 Quod
319 3699 342 3753 si
365 3701 466 3752 arbitro
490 3699 517 3751 in
542 3699 680 3767 provincia
703 3714 736 3751 ex
777 3648 925 3767 elegatione
975 3702 1030 3754 sive
1049 3701 1177 3754 Ponticae
1199 3700 1254 3753 sivo
1272 3699 1404 3751 Thraciae
1427 3697 1579 3750 dioeceseos
1604 3697 1636 3750 lis
1654 3713 1784 3764 provoca-

112 3782 191 3821 sacra
213 3767 382 3836 disceptante
399 3766 543 3835 appellatio
563 3768 749 3833 subsequatur,
772 3773 836 3833 post
852 3768 924 3835 prio·
976 3770 1047 3822 tione
1066 3782 1196 3834 suspensa
1213 3767 1241 3819 iii
1259 3767 1328 3819 hanc
1346 3766 1444 3833 regiain
1462 3766 1555 3818 urbem
1573 3764 1715 3832 perveniat,
1732 3780 1783 3843 pro

111 3851 167 3889 rem
195 3836 304 3888 fatalem
330 3835 435 3902 lapsum
462 3842 517 3888 tres
543 3834 588 3887 alii
614 3841 717 3888 tantum
744 3834 840 3887 fatales
867 3835 924 3888 dies
975 3836 1097 3890 semestri
1119 3835 1206 3903 spatio
1229 3834 1308 3887 trium
1330 3832 1512 3885 tautummodo
1531 3848 1650 3886 mensum
1669 3838 1784 3900 spatium

112 3903 234 3958 similiter
260 3910 291 3954 ut
316 3917 400 3970 supra
425 3901 524 3954 ilictiim
554 3910 595 3955 est
625 3903 817 3967 servabuntur,
850 3903 925 3955 nulla
975 3904 1013 3958 eis
1032 3902 1176 3970 indulgeri:
1198 3902 1257 3955 aliis
1275 3901 1355 3954 trium
1373 3916 1492 3954 mensum
1512 3899 1613 3968 spatiis,
1631 3899 1659 3952 td
1677 3902 1719 3952 est
1736 3916 1784 3952 rie·

111 3970 317 4040 reparationes
333 3973 426 4024 nostro
445 3970 552 4022 numine
570 3969 743 4036 postulanda,
767 3970 805 4022 ita
828 3974 858 4022 ut
875 3986 923 4025 no·
975 3971 1085 4038 naginta
1109 3971 1194 4023 tribas
1218 3969 1311 4022 diebus
1336 3968 1414 4021 simili
1437 3967 1514 4021 modo
1539 3967 1712 4034 sequentibus
1730 3967 1784 4020 site

111 4039 223 4106 naglnta
246 4037 335 4091 tribus
358 4036 452 4091 diebus
471 4038 569 4105 elapsis
588 4038 707 4090 iudicata
724 4053 857 4105 congruae
877 4054 924 4091 ex·
976 4045 1103 4093 semestre
1125 4045 1229 4105 tempus
1248 4037 1303 4090 sive
1320 4044 1374 4089 tres
1393 4035 1496 4104 priores
1514 4050 1618 4089 meuses
1637 4034 1785 4088 secundum

111 4113 126 4160 5
170 4106 302 4160 secationi
328 4105 495 4159 mandentur.
541 4105 588 4158 Sin
617 4114 705 4158 autem
732 4121 765 4158 er
791 4107 924 4159 sententia
979 4106 1007 4161 tlt
1043 4108 1162 4160 locorum
1183 4104 1370 4167 definitionem,
1395 4119 1473 4182 quain
1492 4103 1695 4170 designavimus.
1732 4101 1785 4156 Sed

110 4174 300 4243 praetorianae
336 4172 503 4227 raeiectarae
520 4173 561 4226 vet
581 4173 698 4239 magistri
716 4173 866 4227 officiorum
884 4173 923 4227 iel
975 4178 1003 4228 et
1021 4175 1079 4227 aliis
1098 4174 1185 4227 tribus
1203 4173 1350 4237 mensibus,
1370 4187 1465 4240 quiex
1484 4170 1652 4239 reparatione
1670 4170 1703 4223 ab
1722 4171 1784 4223 aula

110 4243 182 4296 ιΙίοο
198 4241 298 4295 illustri
333 4241 441 4308 'gnitate
455 4242 581 4295 decorato
600 4241 700 4294 arbiter
718 4241 745 4293 in
763 4241 814 4294 hac
832 4256 923 4294 sacra·
976 4241 1087 4296 concedi
1104 4242 1203 4303 solent,
1226 4241 1252 4292 in
1271 4257 1319 4293 sao
1337 4240 1433 4293 robore
1450 4238 1585 4291 duraturis
1604 4243 1632 4291 et
1649 4237 1784 4305 prioribus

109 4309 217 4364 tissima
238 4310 345 4362 civitate
366 4309 448 4362 inerit
469 4309 605 4377 delegatus
623 4314 650 4361 et
666 4308 810 4376 appellatio
829 4314 924 4363 contra
975 4309 1179 4372 accedentibus,
1203 4312 1233 4361 ut
1255 4308 1353 4375 partim
1377 4307 1473 4360 annale
1497 4312 1664 4372 numeretur,
1705 4305 1784 4358 artim

111 4377 295 4432 definitionem
322 4377 362 4431 vel
389 4377 548 4431 sententiam
579 4376 636 4429 eius
663 4378 808 4430 subsecuta
832 4377 922 4439 inerit,
977 4383 1007 4431 tc
1024 4380 1061 4441 lt)
1088 4391 1181 4431 novem
1194 4392 1313 4428 mensum
1328 4375 1442 4443 spatium
1459 4379 1646 4440 consequatur.
1700 4378 1784 4426 tcum

110 4445 216 4514 primus
241 4445 347 4513 quidem
373 4444 464 4498 fatalis
491 4445 547 4497 dies
574 4444 689 4498 duorum
714 4459 846 4508 mensum,
878 4445 923 4497 alii
975 4445 1100 4498 antesin
1118 4443 1171 4496 tine
1190 4443 1317 4510 cuiusque
1335 4442 1462 4509 temporis
1481 4458 1549 4495 unus
1568 4440 1657 4493 fatalis
1676 4440 1733 4493 ilias
1752 4456 1784 4493 ex

110 4528 174 4567 vero
195 4519 251 4566 tres
274 4513 308 4565 ad
332 4512 530 4566 similitudinem
552 4528 582 4566 su
605 4527 635 4564 ra
653 4512 784 4565 dictorum
801 4511 923 4566 fatalium
975 4513 1092 4580 antiquis
1118 4511 1220 4578 legibus
1243 4510 1405 4563 constitutus
1430 4516 1520 4562 estet
1543 4525 1622 4576 saepe
1646 4508 1785 4561 eveniebat

111 4586 127 4635 6
163 4588 344 4634 numerentur.
381 4581 432 4647 Qui
451 4581 529 4634 vero⁷
553 4530 703 4646 delegatum
720 4580 760 4632 vel
784 4586 922 4648 aspecta·
975 4586 1046 4646 (cam
1072 4580 1171 4632 multae
1198 4581 1262 4631 suut
1287 4577 1443 4649 occasiones
1470 4577 1595 4630 mortales
1625 4575 1784 4644 appeliatio-

111 4649 158 4703 bili
181 4648 270 4701 iudice
292 4664 339 4701 seu
363 4648 485 4717 praeside
509 4648 663 4716 provinciae
684 4648 813 4700 arbitrum
831 4647 922 4716 appel·
975 4655 1048 4713 num)
1076 4649 1115 4700 vel
1142 4645 1306 4713 aegritudine
1330 4644 1369 4698 iel
1392 4644 1472 4712 spatii
1496 4643 1647 4711 prolixitate
1670 4643 1710 4697 vel
1735 4658 1785 4710 per

110 4715 220 4780 buerit,
244 4716 356 4784 primum
381 4717 487 4784 quidem
505 4715 613 4770 fatalem
632 4715 701 4767 diem
719 4714 831 4768 duorum
849 4731 923 4769 meu·
975 4716 1041 4769 alias
1061 4730 1169 4780 causas,
1188 4729 1254 4794 quas
1273 4729 1321 4766 nec
1341 4712 1460 4766 dicineo
1479 4711 1626 4764 enumerari
1644 4710 1723 4763 facile
1741 4709 1784 4774 sit,

111 4800 186 4847 sum,
211 4792 345 4838 tressera
368 4785 436 4838 alios
454 4783 488 4836 ad
507 4782 705 4837 similitudinem
726 4782 923 4850 praedictorum
975 4782 1088 4836 eundem
1107 4782 1175 4834 diem
1192 4780 1301 4834 tatalem
1320 4797 1372 4833 nou
1391 4779 1527 4834 observari
1545 4786 1571 4830 et
1585 4778 1644 4832 lites
1660 4777 1785 4858 expirare

111 4856 183 4917 iti)
218 4851 340 4905 fatalium
366 4852 468 4905 dierum
495 4851 602 4904 babeat.
649 4849 719 4903 Illud
746 4850 825 4903 etiam
852 4851 924 4904 circa
975 4856 1002 4905 et
1019 4850 1171 4904 huiusmodi
1188 4849 1318 4903 luctuosis
1336 4847 1537 4900 infelicitatibus
1555 4847 1718 4914 patrimonia
1735 4845 1784 4898 ho-

112 4919 326 4974 observationem
345 4919 467 4973 letalium
485 4919 586 4972 dierum
602 4917 730 4971 custodiri
747 4917 923 4984 decernimus,
974 4919 1073 4973 minum
1106 4917 1238 4970 titubare:
1272 4922 1381 4984 propter
1408 4916 1458 4967 boc
1485 4914 1608 4967 fortunae
1635 4913 1784 4968 relevantes

111 4996 154 5050 nt,
177 4987 201 5040 si
219 4988 288 5040 iorte
306 4988 467 5055 temporales
488 4987 516 5039 iu
533 4986 644 5039 fedatos
663 5001 768 5053 quoquo
788 4986 865 5040 modo
883 4987 923 5040 iu·
974 4986 1085 5041 insidias
1110 4985 1244 5038 sancimus
1268 5000 1321 5036 nou
1343 4983 1369 5034 in
1394 4999 1475 5035 uuum
1497 4982 1565 5034 diem
1583 4981 1692 5034 fatalem
1710 4989 1785 5035 stan·

111 5055 239 5119 ciderint,
260 5055 452 5123 praecedentes
471 5071 517 5107 eos
535 5053 591 5107 dies
610 5060 640 5106 ut
658 5055 817 5121 temporales
836 5069 854 5107 a
870 5054 923 5108 liti·
975 5054 1037 5107 dum
1056 5069 1115 5106 csse
1133 5052 1160 5105 iii
1180 5055 1327 5119 posterum,
1354 5049 1400 5103 scil
1423 5050 1476 5102 sire
1494 5057 1555 5102 ante
1575 5055 1698 5116 quartum
1716 5049 1785 5102 diem

109 5121 237 5190 gentibus
262 5124 446 5176 observentur.
477 5121 554 5241 paud
572 5122 595 5175 si
613 5121 672 5190 quis
696 5137 786 5187 secus,
810 5137 843 5175 ac
864 5122 924 5176 iura
974 5121 1065 5175 fatalis
1089 5121 1196 5174 luminis
1221 5125 1247 5172 et
1267 5118 1356 5237 ipsum
1379 5117 1485 5171 iamlam
1510 5118 1564 5171 sive
1588 5123 1651 5185 post
1667 5117 1785 5185 quinque

109 5191 290 5312 praecipiunt,
308 5190 400 5258 lapsus
418 5189 461 5243 die
490 5190 559 5243 uerit
576 5190 716 5256 temporali
731 5196 759 5242 et
772 5190 825 5242 hoc
838 5190 924 5257 primo
974 5189 1040 5268 dies,
1059 5204 1161 5268 eritque
1181 5194 1255 5267 artiis
1284 5185 1362 5239 atalia
1378 5184 1519 5265 effluxerit,
1537 5185 1689 5266 appellator
1706 5199 1784 5238 vene-

974 5266 1010 5312 rit
1032 5263 1059 5310 et
1082 5258 1155 5309 btem
1180 5253 1371 5308 instituendam
1396 5259 1528 5306 curaverit
1547 5260 1574 5305 et
1591 5268 1649 5305 eam
1666 5269 1694 5306 in
1712 5267 1784 5305 com-

121 5273 173 5312 ooo
190 5257 232 5312 iel
249 5274 267 5311 a
283 5264 426 5339 praesente
442 5257 596 5311 adversario
615 5257 655 5310 vel
677 5256 755 5309 etiam
775 5261 810 5309 a⁸
826 5257 923 5323 iudice,
1097 5324 1103 5336 .
1145 5322 1177 5336 ..
1369 5321 1374 5331 ι
1472 5321 1477 5332 Ι
1520 5321 1525 5332 Ι
1578 5321 1584 5333 ⁸
1653 5320 1659 5332 .

974 5330 1070 5395 petens
1094 5322 1224 5377 iudicium
1249 5321 1402 5385 deduxerit,
1428 5321 1479 5387 legi
1501 5319 1585 5373 videri
1608 5320 1784 5384 satisfactum,

110 5325 227 5382 sisoius
249 5325 349 5394 litigat,
372 5325 531 5395 appellatori
554 5325 635 5378 fuerit
655 5324 808 5392 oppositum
825 5326 923 5393 proba·

109 5499 142 5562 (1)
160 5497 248 5562 vigore
271 5497 340 5548 Vael
356 5497 415 5548 1'00
462 5503 496 5560 (ι)
516 5496 544 5547 Β
559 5498 584 5560 9,
600 5507 619 5560 t,
633 5506 672 5548 tta
687 5514 797 5561 seqq.-
811 5496 848 5562 Cf.
862 5495 924 5562 01¹9.

108 5568 184 5628 ta,i
261 5567 295 5629 ts)
316 5590 350 5610 a
371 5567 413 5615 Ti.
436 5568 474 5627 tt,
493 5576 529 5626 so,
548 5576 573 5616 ie
650 5566 683 5628 (i)
703 5563 740 5613 iel
758 5563 790 5612 ad
867 5579 924 5614 sio-

110 5636 183 5685 satni
199 5634 292 5685 asaia
308 5645 365 5684 sani
380 5651 411 5684 ar
432 5633 476 5684 Ti.
497 5635 536 5695 tt,
554 5644 591 5692 so,
609 5643 633 5683 is
686 5634 720 5695 (i)
738 5634 810 5697 tanqu
829 5635 852 5695 3,
868 5643 889 5693 i,
905 5643 922 5684 ι.

109 5702 136 5769 ⁴l,
153 5711 193 5768 ⁸2,
210 5710 237 5753 tt
288 5703 323 5767 (t)
341 5700 372 5751 ab
389 5699 441 5750 tilio
458 5700 590 5752 Mommsen
608 5719 660 5752 cam
674 5700 702 5749 B
753 5702 788 5766 (t)
805 5701 868 5752 iilem
884 5700 924 5751 B:

975 5500 1062 5546 contra
1071 5496 1151 5562 suppl.
1163 5494 1295 5544 llommsen
1342 5495 1401 5555 (tJa
1413 5493 1439 5554 C,
1449 5491 1480 5541 ab
1490 5492 1522 5551 L,
1533 5512 1576 5544 om.
1592 5492 1639 5544 VB
1687 5491 1722 5553 (a)
1732 5506 1783 5539 xm

974 5565 1014 5615 ael
1029 5579 1077 5614 xvi
1095 5567 1119 5625 ³,
1137 5575 1158 5626 t,
1178 5575 1185 5612 i
1238 5563 1284 5623 (to)
1301 5560 1370 5608 hunc
1383 5557 1429 5623 Εὖ,
1447 5560 1495 5610 hoo
1514 5560 1598 5612 Vota
1650 5563 1692 5624 (it)
1711 5564 1735 5609 ct
1756 5558 1783 5626 V,

974 5631 1014 5682 rel
1030 5632 1063 5694 R,
1082 5651 1126 5682 orn.
1148 5631 1275 5696 Cres.1‚
1294 5639 1361 5692 tt,5
