3870 6134
217 249 275 316 14
1033 243 1075 317 48

220 432 288 518 ἡμεῖς
309 433 434 502 πολιτεία
455 440 500 488 καί
519 432 632 501 αόξησιν
650 440 826 507 παρέχονται·
845 433 883 489 δι’
901 421 942 487 ῶν
958 436 1035 487 ἔστιν

221 511 285 574 ημῖν
311 510 356 556 καί
382 503 473 574 βαρβά
492 525 531 556 ων
557 509 666 575 κρατεῖν
692 510 737 555 καί
765 506 895 576 γίνεσθαι
921 506 1035 590 κυρίοις1

221 576 341 637 ἐκείνων,
363 568 381 623 ii
398 525 524 643 πρόσθεν
541 568 589 624 οὐκ
607 571 720 639 εἰχομεν.
761 576 806 622 καὶ
824 567 933 641 ῖῖσηιπερ
951 592 986 623 αν
1003 566 1037 622 ‘ebt

222 644 268 708 τῆς
291 637 386 694 αὐτῶν
409 640 523 703 αὔξηται
544 638 707 706 σεμνότητός
733 659 763 691 τε
786 645 832 692 καί
854 637 1037 704 κοσμιότητος,

221 709 345 774 τοσοότιρ
369 712 415 759 καὶ
437 707 488 773 τὴν
507 703 638 778 ἡμετέραν
655 705 796 761 πολιτείαν
820 694 973 760 έπιδιδόναι
993 727 1037 759 πι-

222 775 359 843 στείιομεν.
398 777 422 826 εἰ
443 775 494 847 γὰρ
517 774 610 841 οἱμὲν
627 780 788 847 παρέχοιντο
810 781 872 842 βίον
890 772 990 841 σεμνόν
1007 792 1037 825 τε

223 849 268 898 καί
285 842 465 907 πανταχόθεν
482 840 676 908 ἀνεπίληπτον,
699 841 748 894 τόν
766 840 796 894 δέ
814 841 909 895 λοιπόν
926 836 1038 895 ἅπαντα

222 911 289 965 λαόν
314 912 485 974 νουθετοῖεν,
511 906 583 963 ώστε
610 908 676 981 πρὸς
696 908 746 975 την
768 906 861 962 αὐτῶν
885 909 1038 977 σεμνότητα

223 979 362 1047 βλέποντα
402 980 460 1030 τῶν
495 976 605 1031 πολλῶν
639 972 843 1048 ἀμαρτημάτων
877 972 1038 1042 ἀπέχεσθαι,

223 1045 369 1119 πρόδηλον,
397 1038 433 1099 ώς
459 1047 591 1098 ἐντεῦθεν
617 1045 649 1095 αί
671 1065 701 1098 τε
725 1051 806 1125 φυχαί
829 1048 897 1098 πᾶσι
917 1044 1039 1114 βελτίους

223 1118 333 1167 ἔσονται
356 1118 401 1165 καὶ
424 1111 524 1183 ῥαδίως
547 1108 609 1180 ἡμῖν
631 1109 811 1178 ίνδοθησιται
833 1112 908 1183 παρὰ
929 1114 977 1165 τοῦ
993 1132 1037 1181 με·

223 1182 305 1254 γάλου
323 1182 390 1233 θεοῦ
407 1187 452 1232 καί
470 1182 588 1251 σωτῆρος
609 1175 687 1247 ἡμῶν
701 1181 788 1246 Ἰησοῦ
807 1183 927 1253 Χριστοῦ
944 1179 1038 1250 φιλαν-

229 1257 237 1304 l
276 1251 392 1320 θρωπία
417 1248 596 1318 προσήκουσα.
645 1250 734 1300 Ταῦτα
765 1255 857 1301 τοίνυν
883 1246 946 1315 ἡμῖν
973 1244 1038 1300 ἀνα-

224 1322 414 1385 σκοπουμένοις
432 1315 627 1387 προσήγγελται
646 1314 807 1385 παραδόξως
828 1314 902 1368 τινὰς
923 1318 982 1368 τῶν
999 1311 1039 1367 εὐ·

225 1383 402 1453 λαβεστάτων
426 1382 575 1445 διακόνων,
603 1385 645 1435 ἔτι
664 1404 696 1459 γε
711 1382 766 1452 μην
783 1388 827 1435 καὶ
845 1386 1040 1455 πρεσβυτέρων

224 1453 266 1519 (τό
290 1452 340 1527 γὰρ
364 1454 406 1504 έτι
429 1457 594 1524 πυρριυτέριυ
616 1449 713 1504 τοῦτον
733 1456 778 1502 καί
801 1453 889 1505 εἰπεῖν
906 1452 1038 1522 ἐρυθριῶ·

224 1543 282 1589 μεν,
309 1523 400 1591 φαμέν
425 1516 459 1584 δὴ
483 1518 515 1571 τό
542 1522 600 1571 τῶν
627 1516 769 1588 θεοφιλῶν
793 1518 976 1583 ἐπισκόπων),
1004 1516 1040 1569 obs

224 1586 332 1642 τούτων
349 1591 420 1640 τινές
437 1584 485 1639 οὐκ
502 1587 677 1649 αἰσχύνονται
695 1585 722 1638 οἰ
737 1590 789 1654 μέν
806 1583 929 1639 αὐτόθεν
946 1584 1039 1653 κόβωτ

225 1653 365 1709 ἀπτεσθαι
392 1659 437 1706 καὶ
463 1654 514 1720 τὴν
531 1651 617 1706 οὕτως
642 1650 782 1732 ἀσχήμονα
803 1659 849 1706 καί
872 1648 962 1707 αότοῖς
985 1659 1040 1705 τοῖςΙ

225 1722 346 1776 ἰδιώταις
368 1711 435 1791 παρ’
459 1720 555 1789 ἡμῶνλ
577 1720 646 1774 κατὰ
668 1741 700 1773 το
717 1720 846 1774 πλεῖστον
862 1717 1039 1793 ἀπηγορευμέ-

224 1813 276 1856 unu
299 1792 390 1843 θέανῧ
415 1794 548 1857 μετιέναι,
574 1788 601 1840 οἰ
624 1787 655 1841 δέ
679 1788 730 1855 τὴν
755 1788 886 1855 τοιαύτην
909 1796 1040 1869 παιγνίαν

224 1858 271 1912 οὐκ
295 1855 515 1928 αότυυργοῦσινί,
539 1853 600 1907 ἀλλ’
627 1852 819 1921 ἢκοινωνοῦσι
835 1862 891 1910 τοῖς
908 1877 1039 1929 πραττου·

226 1946 270 1980 σιν
288 1923 304 1993 ἢ
321 1924 461 1990 κάθηνται
478 1926 580 1977 θεαταί
598 1921 720 1995 πράξειας
737 1920 865 1988 ἀτόπουλ,
889 1931 933 1976 καὶ
951 1926 1040 1976 θεῶν·

226 2016 272 2047 ται
293 1996 344 2061 μὲν
361 1991 412 2046 σόν
434 1993 570 2059 ἐπιθυμία
588 1992 661 2063 πάση
680 1990 715 2044 τά
732 1990 848 2045 πάντων
864 1987 1040 2054 ἀτοπώτατα,

226 2060 316 2133 λόγων
334 2057 364 2113 δέ
380 2056 505 2113 ἀκούουσι
522 2056 704 2129 βλασφὴμων,
727 2055 772 2112 ciis
794 2064 823 2112 έν
840 2065 895 2113 τοῖς
912 2059 1041 2112 τοιούτοις

226 2127 327 2201 ἀνάγκη
353 2130 494 2199 γίνεσθαι,
520 2124 667 2194 μολῦνουσί
690 2147 721 2179 τε
747 2126 794 2180 τάς
822 2128 928 2181 εἀντῶν
954 2133 1042 2199 χεῖρα»1

226 2195 274 2251 τάς
300 2218 330 2248 τε
352 2192 457 2264 ὁράσεις
482 2191 530 2246 τάς
556 2214 586 2246 τε
612 2191 690 2246 ἀκοὰς
713 2189 785 2247 οῧτιυ
810 2200 1041 2266 κατεγνωσμέιοις

227 2270 272 2316 καί
295 2260 538 2334 ἀπηγορευμέίιοιςῦ
562 2268 707 2332 παιγνιόις’
734 2261 761 2314 οἰ
782 2260 812 2313 δέ
834 2267 880 2314 καί
903 2259 1041 2334 ἀπαρακα-

228 2332 336 2387 λύπτως
353 2326 370 2396 ἢ
387 2336 446 2384 ταῖς
463 2332 521 2382 τῶν
539 2331 635 2381 ἰππων
648 2326 770 2396 ἁμίλλαις
787 2328 804 2396 ἢ
821 2329 1042 2401 παραβάλλουσιν

228 2398 244 2484 η
261 2404 306 2452 καὶ
324 2396 525 2470 προκαλοῦνταί
540 2414 616 2449 τινας
634 2392 700 2468 ὑπὲρ
717 2399 763 2464 τῆς
780 2400 839 2451 τῶι·
853 2398 949 2452 ἰππων
961 2394 1042 2483 ἰγττης

229 2492 245 2535 η
262 2474 341 2531 νίκης,
358 2462 375 2529 ἢ
392 2461 431 2515 δι’
451 2466 557 2517 ἑαυτῶν
575 2462 592 2529 ἢ
609 2461 654 2516 διά
671 2484 757 2517 τινων
774 2464 933 2537 ε’τέρωνοιίκ
951 2484 1041 2531 ευσχη·

227 2536 318 2604 μόνως
343 2532 378 2586 τὰ
403 2535 515 2585 τοιαῦτα
542 2536 696 2596 παίζοντες,
722 2530 739 2599 ἢ
759 2535 819 2586 τῶν
842 2538 872 2585 έν
895 2537 980 2606 σκηνῇ
997 2537 1042 2587 καὶ

228 2600 359 2671 θυμέλαιι·
381 2602 482 2653 θεαταί
504 2605 626 2671 γίνονται
651 2606 795 2671 παιγνίων,
820 2597 911 2666 ἢταῖς
928 2604 959 2654 έν
976 2598 1042 2657 θεά

228 2687 301 2743 τροις
326 2671 385 2721 τῶν
411 2671 572 2751 μαχομένων
594 2665 661 2737 πρός
684 2666 718 2719 τὰ
741 2668 826 2739 θηρία
842 2665 939 2737 μάχαις
956 2690 1041 2741 παρα-

227 2746 351 2812 γίνονται
373 2740 417 2787 καῖ
438 2755 486 2788 ουκ
504 2736 651 2796 ἐννοοῦσιν,
676 2731 728 2786 ‹bs-⁷
752 2741 796 2790 καί
814 2742 869 2789 τοῖς
886 2738 948 2806 ἄρτι
964 2757 1041 2805 μυου-

227 2810 316 2875 μένοις
339 2807 384 2855 καί
407 2805 467 2855 τῶν
489 2804 685 2874 προσκννητῶν
705 2799 870 2871 ἀξιουμένοις
885 2810 1042 2875 μυστηρίων

228 2871 305 2927 αὐτοὶ
328 2868 558 2941 προκηρύττουσιν
581 2865 790 2923 ἀποτάττεσθαι
812 2870 847 2944 τῇ
864 2874 912 2924 τοῦ
929 2870 1041 2925 ἀντικει-

226 2946 308 3010 μένου
330 2937 457 2998 δαίμονος
479 2936 590 3010 λατρεία
610 2956 641 2990 τε
662 2942 707 2989 καὶ
725 2935 799 3011 πάσῃ
816 2942 922 3012 πομπῇ,
944 2927 974 3006 ἧς
993 2936 1042 2992 οὐκ

228 3146 260 3209 (1)
278 3138 364 3215 κῦριοι
380 3143 481 3194 Nomas.
551 3142 585 3209 (2)
603 3154 661 3206 ³,43
730 3143 764 3207 (τι)
783 3136 896 3193 παιδιάν
906 3143 1039 3194 Mommsen

228 3214 262 3276 (t)
280 3206 310 3262 οὐ
328 3211 509 3281 καταργοῦσιν
526 3211 627 3264 Nonae.
736 3210 770 3273 (5)
789 3206 912 3280 πράξεως
936 3205 1039 3260 ἀτόπου

231 3278 299 3341 Coti,
318 3274 404 3345 πάσης
420 3272 523 3330 ἀτόπου
541 3274 663 3349 πράξεως
680 3278 782 3330 Ncmoc.
865 3280 899 3343 (n)
917 3272 1039 3348 ἀπεγνω·

234 3418 360 3427 -ῄ-
708 3419 723 3424 -.
748 3419 987 3426 -——-—...-—
999 3419 1019 3423 —.
1039 3420 1058 3424 ...
1071 3419 1080 3424 -

229 3519 341 3567 nostrae
365 3517 591 3582 aupmcntnmque
614 3528 726 3582 parare.
770 3511 841 3565 rimie
864 3518 892 3566 et
916 3510 1042 3565 barbaris

229 3581 365 3651 imperare
387 3578 465 3633 nobis
485 3578 549 3634 ticet
569 3577 747 3649 dominosque
764 3579 828 3647 fieri
844 3579 955 3633 iliorum
992 3596 1042 3633 nce

229 3655 312 3702 anteo
328 3662 384 3700 non
403 3645 542 3700 tenuimus.
575 3663 609 3700 ac
625 3654 729 3717 quanto
748 3646 900 3703 auctoritas
916 3654 944 3701 et
995 3662 1043 3699 cus

229 3732 324 3770 eornm
350 3720 460 3777 crescet,
484 3720 588 3767 tantum
616 3715 697 3769 etiam
719 3714 761 3769 rei
780 3713 909 3786 publicae
930 3723 1043 3769 nostrae

229 3784 422 3837 incrementum
445 3796 616 3835 accessurum
639 3798 789 3853 speramns.
825 3782 937 3837 namsi
959 3782 1042 3837 uitam

229 3866 340 3922 prorem
371 3848 496 3919 omnique
527 3849 584 3903 citu
604 3850 727 3905 eratione
758 3865 872 3905 vacuam
899 3858 988 3929 apunt
1016 3855 1044 3904 et

229 3917 365 3988 reliquum
385 3914 523 3988 populum
548 3866 687 3970 nrfsuam
714 3934 838 3971 normam
863 3916 994 3996 dinpnnt,
1012 3924 1044 3972 nt

230 3984 268 4040 ad
301 3999 395 4039 eorum
428 3983 591 4053 pravitatem
624 3984 772 4056 respiciens
806 3984 937 4057 plurimu
970 3985 1044 4041 uitiis

230 4052 380 4116 abstineat,
397 4050 495 4122 palam
514 4057 556 4106 est
576 4052 683 4105 animos
699 4051 763 4107 inde
778 4051 903 4108 meliores
920 4052 1043 4107 omnibns

228 4121 343 4190 suturas
368 4135 426 4174 esse
451 4126 479 4173 et
503 4118 581 4174 nobis
601 4119 689 4190 facile
710 4120 910 4175 convenientem
931 4119 1043 4175 baseco-

230 4188 342 4243 tentiam
374 4203 394 4241 a
426 4202 471 4240 ma
491 4204 526 4240 no
561 4186 612 4241 deo
638 4194 667 4241 et
692 4186 831 4243 salvatore
856 4194 952 4242 nostro
979 4186 1044 4243 Iesu

234 4262 245 4310 t
282 4254 391 4332 Obristo
407 4202 575 4332 applicatum
592 4254 635 4307 iri.
671 4253 748 4309 Haec
766 4255 852 4333 ipitnr
868 4254 1043 4309 consideran·

232 4323 302 4379 tibus
325 4321 405 4376 nobis
429 4328 583 4376 nuntiatum
615 4328 656 4377 est
680 4332 845 4401 necopinato
874 4339 934 4377 esse
963 4322 1043 4379 deco·

232 4391 396 4446 tissimorum
418 4388 605 4453 diaconorum,
629 4390 696 4460 quin
719 4398 801 4445 etiam
816 4390 911 4462 presbr
923 4398 1043 4446 terarum

231 4462 311 4535 (nam
336 4456 411 4511 ultra
436 4454 508 4535 bunc
533 4456 650 4527 predum
673 4457 716 4512 vet
742 4457 832 4513 dicere
854 4408 1042 4523 erubescimus,

230 4526 422 4596 reliprosorum
453 4540 644 4596 episcoporum
676 4524 825 4593 uidelicet),
846 4543 884 4581 esc
908 4525 952 4580 bis
975 4543 1041 4596 erpo

230 4610 298 4657 esse,
321 4607 391 4662 qnos
407 4607 464 4646 oon
475 4591 584 4663 pudeat
594 4592 701 4663 partim
712 4610 768 4664 per
789 4610 819 4649 se
838 4602 954 4649 tesseras
972 4602 1042 4647 trec-

232 4670 291 4715 tarc
316 4667 344 4714 et
370 4666 425 4714 tam
470 4658 575 4714 nderuio
597 4667 625 4715 et
646 4659 725 4714 laicis
746 4660 814 4732 ipsis
830 4661 944 4740 anobis
960 4677 1043 4739 qnam

231 4794 335 4872 iudum·
366 4810 396 4847 er
416 4810 446 4849 se
466 4810 522 4849 non
543 4796 653 4865 secere,
674 4794 725 4849 sed
744 4728 1043 4851 oepbbbbbbrsebbi'bbbb

231 4811 385 4916 tudentrffus
409 4860 451 4917 uei
474 4861 570 4939 sedere
594 4869 762 4933 spectatores
790 4872 869 4918 actus
890 4864 975 4942 inepti
1001 4862 1044 4919 oei

230 4946 335 4984 ιιαιιοιο
352 4944 412 4983 cum
428 4928 578 5001 cupiditate
593 4937 719 5002 spectare
735 4947 781 4985 res
797 4931 915 4986 contium
931 4931 1043 5003 ineptis-

230 4998 323 5061 simas,
340 4996 463 5052 convicia
480 4996 585 5061 audire,
603 5014 674 5067 quae
690 4998 720 5051 in
735 4998 834 5053 tatibus
851 4999 920 5053 oriri
936 5015 1043 5054 necesse

231 5072 280 5129 est,
303 5071 332 5118 et
346 5080 443 5118 manus
459 5081 534 5129 suas,
558 5066 661 5131 oculos,
679 5082 761 5120 aures
777 5066 846 5121 adeo
864 5066 1000 5121 damnatis
1016 5072 1045 5122 et

226 5130 376 5204 prohibitis
398 5131 471 5186 ludis
486 5131 628 5212 polluere:
651 5132 700 5187 aiii
721 5134 802 5187 etiam
824 5135 853 5187 in
874 5134 984 5207 publico
1002 5134 1045 5189 oei

231 5215 362 5270 equorum
383 5200 573 5255 certarmnibns
593 5217 623 5255 se
642 5201 796 5257 immiscent
817 5202 956 5257 ueletiam
973 5202 1044 5257 otios

226 5272 384 5341 provocant
398 5282 482 5340 super
498 5284 629 5338 equorum
647 5267 725 5325 clade
741 5269 896 5335 victoriace,
921 5270 977 5325 sice
988 5286 1044 5342 per

230 5352 260 5391 se
285 5335 342 5389 sice
361 5351 415 5406 per
444 5334 516 5391 alios
544 5333 700 5392 indecenter
732 5336 801 5391 tatic
834 5336 965 5402 ludentes,
1001 5338 1045 5393 cel

230 5402 416 5458 scaenicorum
441 5402 699 5475 tbymelicommque
728 5404 855 5461 tutorum
875 5412 1044 5480 spectatores

229 5470 302 5539 fiunt
322 5468 364 5526 uei
385 5468 532 5526 bestiarum
554 5469 753 5544 depuqnationi
772 5473 803 5527 in
825 5472 940 5529 theatris
960 5474 1044 5528 inter·

231 5544 297 5593 sunt
318 5553 375 5592 uon
392 5538 508 5604 conscii,
529 5538 606 5609 quod
620 5556 716 5597 reeens
730 5540 855 5597 initiatos
871 5550 900 5597 et
915 5556 1044 5597 υαιενοιι-

231 5605 275 5660 dis
296 5607 433 5677 mysteriis
452 5604 583 5677 dipnatos
603 5606 658 5679 ipsi
677 5606 772 5664 iubent
792 5608 964 5666 adversantis
979 5607 1044 5663 dae·

230 5674 320 5729 moru's
336 5672 422 5729 cultui
438 5682 466 5730 et
482 5673 556 5729 omisi
567 5690 689 5747 pompae
704 5678 872 5743 renuntim,
894 5678 971 5733 cuius
987 5692 1044 5731 non

231 4727 350 4782 manime
372 4676 516 4781 interbicto
539 4726 604 4780 tudo
627 4728 757 4783 interesse

1632 267 1680 315 DE
1699 264 1899 315 EPISGOPALI

1087 438 1102 488 2
1139 431 1279 499 ἐλάχιστον
1300 440 1379 505 μέρος
1402 434 1568 487 τὰτοιαῦτα
1586 436 1747 499 καθέστηκε.
1784 430 1902 487 1’Πολλά

1087 521 1126 556 κις
1143 506 1193 564 μέν
1211 499 1301 556 αὐτοῖς
1316 508 1352 555 τὰ
1368 506 1482 555 τοιαῦτα
1500 500 1687 573 φυλάττεσθαι
1702 498 1903 574 προηγορεῦσα-

1086 589 1149 639 μεν·
1173 567 1290 639 ὁρῶντες
1312 570 1343 623 δι’
1365 570 1463 637 συχνὴν
1485 570 1537 636 την
1554 589 1588 623 πε
1606 574 1617 621 ἰ
1632 568 1741 622 τοότων
1756 574 1905 641 γινομένην

1087 634 1151 721 η’μῖν
1169 637 1368 711 προσαγγελίαν
1382 642 1419 691 εἰς
1435 635 1554 709 ἀνάγκην
1568 589 1690 706 ἤλθομεν
1703 640 1750 691 ἐπὶ
1766 635 1819 690 τόν
1835 658 1905 707 παρ-

1087 727 1156 759 οντα
1173 706 1258 774 νόμον
1275 704 1320 759 διὰ
1342 706 1393 772 την
1409 703 1478 777 ὑπὲρ
1500 702 1636 773 εὐσεβείας
1652 702 1805 775 ἀφικέσθαι
1822 723 1905 759 σπου-

1089 772 1138 839 δὴν
1160 779 1204 826 καὶ
1229 769 1285 841 ἅμα
1308 777 1358 841 μέν
1375 772 1443 844 ὑπὲρ
1466 776 1512 840 της
1529 772 1675 847 ἱερωσύνης
1692 769 1782 839 αὐτῆς,
1801 766 1858 841 ἅμα
1877 770 1907 824 δι’

1089 847 1104 896 3
1139 836 1207 912 όπέρ
1224 862 1254 894 τε
1271 844 1319 895 τοῦ
1338 845 1413 914 κοινῇ
1432 844 1465 914 τῇ
1483 840 1607 907 πολιτείᾳ
1624 845 1816 911 συμφέροντος.
1850 846 1907 892 Καὶ

1089 912 1258 977 θεσπίζομεν
1280 908 1384 976 μηδένα
1406 907 1474 976 μήτε
1491 905 1617 961 διάκονον
1633 905 1700 976 uim
1717 905 1908 979 πρεσβότερον

1088 982 1133 1030 καί
1151 976 1243 1043 πολλῷ
1260 975 1363 1046 μᾶλλον
1381 981 1531 1031 ἐπίσκοπον
1547 972 1624 1046 (ὅπερ
1642 981 1687 1028 καί
1704 974 1823 1030 ἄπιστον
1841 976 1908 1029 ἴσως

1088 1042 1124 1097 ἀν
1146 1042 1261 1108 δόξειεν,
1284 1033 1324 1098 ῶν
1342 1048 1372 1097 ἐν
1394 1051 1453 1098 ταῖς
1469 1050 1646 1114 χειροτονίαις
1663 1040 1739 1109 εόχαί
1753 1064 1785 1096 τε
1802 1045 1840 1096 εἰς
1857 1042 1907 1096 τόν

1089 1109 1226 1177 δεσπότην
1257 1108 1466 1179 ἀναπέμπονται
1497 1110 1619 1183 Χριστόν
1649 1111 1700 1164 τόν
1730 1111 1801 1165 θεὸν
1826 1108 1908 1178 ἡμῶν

1089 1187 1133 1232 καὶ
1166 1179 1302 1245 ἐπίκλησις
1334 1183 1381 1233 τοῦ
1408 1176 1484 1251 ἀγίου
1515 1184 1608 1233 nain
1625 1182 1773 1245 οσκυνητοῦ
1799 1185 1909 1251 γίνεται

1089 1245 1242 1315 πνεόματος
1267 1253 1312 1299 καὶ
1338 1254 1397 1300 ταῖς
1422 1246 1515 1300 αὐτῶν
1540 1198 1667 1317 κεφαλαῖς
1692 1244 1709 1312 ἦ
1732 1252 1791 1300 ταῖς
1812 1252 1907 1331 χεροῖν

1090 1316 1248 1369 ἐπιτίθεται
1264 1312 1281 1381 ἢ
1299 1313 1451 1369 έπιδίδοται
1468 1315 1502 1368 τά
1519 1312 1661 1387 ἁγιώτατα
1677 1317 1736 1367 τῶν
1750 1333 1808 1385 παρ
1842 1319 1907 1395 ημῖν

1089 1389 1255 1454 μυστηρίων,
1288 1378 1362 1436 ὅπως
1385 1380 1420 1435 ἀν
1446 1380 1536 1438 αὐτοῖς
1560 1381 1594 1435 τὰ
1620 1380 1788 1463 αἰσθητήρια
1814 1402 1907 1435 παντο

1089 1448 1201 1521 καθαρά
1227 1471 1257 1503 τε
1283 1456 1388 1521 γένοιτο
1414 1455 1459 1502 καὶ
1485 1450 1674 1521 καθιερωθοίη
1700 1451 1774 1517 bear)
1840 1448 1905 1503 δέκα

1090 1525 1182 1572 τοίνυν
1207 1516 1315 1571 τούτων
1340 1517 1443 1587 τολμιῖν
1468 1521 1516 1572 τοῦ
1542 1517 1636 1572 λοιποῦ
1659 1515 1728 1586 μετὰ
1748 1513 1800 1571 τόν
1816 1537 1832 1569 s
1858 1515 1906 1570 τόν

1092 1584 1170 1640 θεῖον
1196 1584 1273 1653 ἡμῶν
1296 1584 1382 1653 νόμον
1403 1583 1420 1652 ἢ
1441 1583 1563 1653 κυβεύειν
1585 1585 1636 1651 τὴν
1658 1584 1769 1638 οἰανοῦν
1785 1586 1848 1639 τῶν
1864 1582 1905 1638 κῦ·

1089 1660 1150 1723 βων
1176 1652 1289 1707 παιδιάν
1316 1652 1332 1720 ἢ
1356 1659 1412 1706 τοῖς
1442 1656 1524 1706 τοῦτο
1549 1650 1697 1726 πράττουσι
1723 1658 1869 1707 κοινωνεῖν
1891 1648 1906 1717 ἢ

1091 1722 1311 1792 παρακαθησθαι
1338 1727 1383 1772 καί
1415 1722 1568 1793 τέρπεσθαι
1600 1724 1645 1773 καί
1670 1718 1905 1773 συνδιατίθεσθαι

1090 1795 1146 1842 τοῖς
1161 1794 1311 1860 γινομένοις
1329 1786 1345 1855 ἢ
1362 1786 1548 1859 παραβάλλειν
1565 1794 1624 1841 ταῖς
1640 1785 1776 1855 δημώδεσι
1796 1785 1905 1841 ταῦταις

1090 1858 1181 1919 θέαις,
1204 1853 1234 1908 ἀς
1252 1858 1411 1926 ἰζαπροσθεν
1428 1854 1550 1909 εἰπόντες
1566 1858 1701 1925 έφθημεν,
1722 1856 1786 1907 καίΩ
1802 1876 1832 1909 τι
1848 1857 1905 1909 τῶν

1091 1922 1136 1978 ἐπ’
1163 1921 1256 1978 «sicat.-
1279 1922 1506 1996 ἀπηγορευμένων
1523 1929 1625 1987 ποιεῖν,
1648 1919 1717 1975 ἀλλὰ
1735 1920 1824 1989 πάσης
1841 1922 1905 1993 πρὸς

1091 1998 1107 2045 4
1141 1994 1228 2044 ταῦτα
1271 1998 1392 2044 ετονσίας
1415 1990 1446 2045 τό
1471 1990 1566 2044 λοιπόν
1589 1987 1749 2056 ἀπέχεσθαι.
1796 1990 1832 2045 Tb
1856 1990 1886 2064 γ’

1091 2058 1141 2126 ἤδη
1165 2015 1332 2130 προειλιηφός,
1352 2061 1377 2111 εἰ
1393 2064 1438 2111 καί
1456 2056 1600 2125 ἀναζητεῖν
1618 2060 1697 2137 ἐχρῆν
1713 2055 1760 2123 ἢιο
1777 2064 1824 2111 καῖ
1840 2058 1893 2128 μὴ1

1090 2132 1212 2196 μετιέναι
1235 2126 1434 2198 προσηκόντως,
1457 2122 1531 2195 ὅμως
1548 2125 1594 2180 διὰ
1610 2126 1830 2199 φιλανθρωπίαν
1846 2144 1903 2197 συγ·

1090 2197 1238 2277 χωροῦμεν,
1262 2194 1313 2262 τὴν
1335 2198 1365 2246 ἐκ
1387 2196 1436 2248 τοῦ
1458 2194 1593 2267 παρόντος
1615 2192 1699 2263 νόμον
1717 2190 1905 2267 παρατήρησιν

1091 2258 1196 2316 ἀπασιν
1220 2265 1257 2316 εἰς
1279 2261 1329 2316 τόν
1352 2261 1448 2317 λοιπόν
1471 2264 1641 2317 ἐπιτιθέντες
1666 2260 1773 2333 χρόνον.
1807 2263 1905 2333 προσῇ·

1091 2350 1140 2382 κον
1162 2327 1214 2401 γάρ
1238 2333 1314 2383 ἐστιν
1337 2327 1426 2384 αὐτοῖς
1448 2337 1584 2396 νηστείαις
1605 2350 1636 2383 τε
1659 2335 1704 2382 καί
1726 2327 1847 2401 ἁγνείαις
1863 2334 1905 2381 καί

1091 2402 1151 2451 ταῖς
1166 2393 1294 2451 ἀσκ’σεσι
1310 2399 1370 2451 τῶν
1387 2399 1477 2451 θείων
1495 2397 1593 2470 λογίων
1610 2402 1654 2448 καί
1678 2403 1736 2450 ταῖς
1752 2393 1823 2470 ῦπέρ
1840 2395 1905 2452 πάν·

1091 2486 1151 2519 των
1167 2484 1216 2530 σχο
1241 2463 1308 2531 ’ζειν
1325 2462 1420 2531 εόχαῖς,
1438 2462 1504 2519 ἀλλά
1521 2465 1559 2533 μη
1581 2468 1669 2518 ταῦτα
1690 2462 1904 2534 καταλιμπάνον-

1091 2551 1140 2588 τας
1159 2536 1219 2587 τῶν
1241 2530 1403 2587 παντάπασι
1419 2531 1546 2601 βεβήλων
1563 2554 1593 2585 τε
1617 2538 1661 2585 καί
1679 2528 1905 2605 ἀπηγορευμένων

1092 2608 1108 2656 5
1142 2595 1292 2656 ἅπτεσθαι.
1323 2598 1409 2654 Τοῦτό
1423 2599 1454 2654 δὲ
1464 2605 1544 2654 τοῦτο
1553 2602 1722 2667 θεσπίζομεν
1731 2604 1777 2653 καί
1794 2602 1906 2654 ἐπὶτῶν

1092 2667 1197 2724 λοιπῶν
1220 2668 1367 2742 κληρικῶν,
1391 2666 1581 2724 ῦποδιακόνων
1603 2689 1633 2720 τε
1656 2672 1701 2719 καί
1718 2664 1906 2740 ἀναγνωστόν

1092 2758 1189 2808 φαμεν,
1216 2739 1294 2809 οἰπερ
1319 2741 1364 2789 καί
1391 2732 1468 2789 αὐτοὶ
1493 2739 1540 2802 τῆς
1562 2756 1591 2789 τε
1615 2736 1685 2807 ἰερᾶς
1707 2738 1845 2805 τραπεζης
1865 2740 1905 2787 καί

1092 2804 1196 2858 παντός
1227 2807 1275 2858 τοῦ
1305 2808 1368 2876 περὶ
1394 2804 1441 2857 τάς
1466 2799 1619 2876 ἁγιωτάτας
1644 2800 1783 2869 ἐκκλησίας
1808 2800 1907 2871 κόσμει

1092 2873 1262 2925 καθεστᾶσιν
1287 2867 1357 2926 όπου
1373 2877 1419 2944 γοί
1441 2892 1472 2926 τε
1495 2876 1539 2923 καὶ
1565 2866 1697 2949 ὑπηρέται
1720 2875 1766 2921 καί
1789 2868 1826 2924 τὰ
1844 2872 1906 2925 θεῖα

1091 2937 1337 3012 μεταχειριζόμενοι
1378 2937 1433 3012 ’για
1449 2939 1496 2994 τὰς
1514 2938 1584 3007 ἱεράς
1601 2944 1664 3007 ημῖν
1682 2942 1711 2989 tu
1728 2940 1787 2992 τῶν
1799 2935 1906 3012 εόαγῶτ

1090 3145 1197 3208 σμένοις
1214 3143 1313 3194 Nornoe.
1366 3144 1399 3206 (t)
1417 3134 1460 3194 ότι
1476 3144 1576 3195 Nomos.
1632 3150 1664 3205 (s)
1681 3146 1728 3193 καί
1741 3146 1788 3195 ius.
1805 3144 1909 3197 Nem

1091 3204 1225 3329 ἳνὲνηήἔμί
1241 3211 1340 3263 biuros.
1426 3207 1507 3277 (1on
1525 3231 1569 3263 orn.
1591 3212 1651 3262 Coit.
1741 3215 1786 3277 (n)
1803 3206 1845 3279 μῆ
1862 3214 1908 3264 det

1198 3422 1323 3441 --.'-....-.-
1329 3434 1393 3441 -..-.
1578 3422 1848 3443 ..4-.-—..-..·-..
1865 3436 1875 3441 -
1885 3433 1908 3442 .-

1093 3515 1109 3565 2
1142 3512 1253 3566 minima
1271 3529 1344 3585 pars
1366 3530 1400 3567 ea
1421 3513 1578 3585 spectacula
1599 3520 1671 3568 sunt.
1706 3511 1797 3586 Saepe
1813 3532 1865 3570 eos
1880 3524 1911 3570 ut

1092 3578 1159 3633 baec
1183 3580 1357 3636 observarent
1374 3579 1515 3635 adhortati
1531 3597 1638 3635 sumus:
1660 3598 1721 3635 eum
1738 3590 1831 3637 autem
1843 3600 1910 3655 per-

1088 3652 1175 3718 petuo
1197 3648 1309 3703 rmntios
1332 3666 1365 3703 ea
1388 3648 1474 3703 dere
1497 3648 1535 3703 ad
1554 3665 1607 3703 nos
1628 3648 1737 3718 adferri
1759 3649 1911 3715 uideamus,

1092 3713 1131 3767 ad
1155 3716 1341 3771 necessitatem
1367 3716 1478 3771 addrrcti
1504 3733 1599 3771 sumus
1616 3724 1791 3788 praesentem
1822 3717 1911 3790 decem

1093 3781 1208 3853 appredi
1224 3788 1345 3861 propter
1367 3782 1486 3838 studium
1503 3784 1619 3855 pietatis
1639 3790 1668 3838 et
1682 3783 1764 3862 είαιιιί
1782 3793 1839 3839 tam
1876 3802 1910 3841 ro

1092 3849 1247 3905 sacerdotio
1273 3868 1334 3922 rpso
1363 3868 1444 3921 quam
1464 3868 1522 3923 pro
1549 3852 1684 3907 communi
1714 3868 1754 3906 rer
1777 3804 1912 3924 parabas

1094 3921 1109 3971 3
1144 3916 1269 3973 utilitate.
1310 3922 1399 3989 Atque
1421 3918 1559 3973 sancimus
1580 3918 1684 3973 rentium
1702 3918 1851 3974 diaconum
1868 3922 1913 3976 rei

1088 3984 1280 4105 presb‘pterum
1297 3996 1323 4040 et
1340 3986 1425 4064 inulto
1437 3987 1525 4057 mapis
1542 3987 1699 4065 episcopum
1715 3986 1808 4057 (quod
1825 3988 1911 4043 etium

1092 4068 1168 4107 incre
1186 4051 1249 4106 ebrie
1272 4055 1350 4123 sorte
1374 4054 1513 4118 mdeutur,
1540 4070 1600 4108 curn
1623 4071 1652 4107 ιιι
1677 4070 1771 4109 eorum
1795 4054 1911 4109 ordina-

1094 4121 1167 4175 tione
1178 4137 1278 4192 preces
1294 4121 1403 4175 domino
1423 4121 1530 4176 Christo
1552 4122 1603 4176 deo
1626 4129 1722 4175 nostro
1742 4138 1759 4175 o
1783 4130 1911 4187 erarrtur,

1092 4195 1120 4242 et
1135 4187 1272 4244 invocatio
1290 4189 1380 4242 sancti
1397 4188 1587 4260 adorarntique
1608 4189 1722 4260 spiritus
1765 4196 1796 4243 at
1817 4198 1848 4246 et
1863 4207 1910 4245 co-

1087 4253 1194 4328 pitibus
1218 4264 1267 4309 aut
1287 4255 1413 4311 manibus
1434 4271 1527 4311 eorum
1548 4257 1720 4311 sanctissima
1761 4272 1815 4311 uae
1832 4258 1913 4331 apud

1092 4340 1144 4378 nos
1168 4332 1234 4377 sunt
1257 4324 1388 4394 mysteria
1412 4325 1590 4404 imponantur
1615 4324 1657 4379 cel
1682 4332 1726 4378 tra
1747 4331 1845 4390 osnur,
1878 4336 1913 4381 ut

1091 4406 1187 4445 sensus
1213 4407 1305 4446 omnes
1330 4392 1364 4445 iis
1384 4392 1670 4513 pensaurien
1697 4398 1912 4461 consecrentur)

1091 4457 1222 4513 mnrinem
1249 4476 1315 4529 erpo
1341 4458 1438 4513 borum
1483 4460 1591 4530 einceps
1614 4466 1682 4531 post
1703 4458 1783 4513 ίιαιισ
1796 4476 1912 4515 sacrm

1092 4526 1178 4595 lenem
1198 4535 1322 4580 nostram
1343 4526 1444 4581 αιιιίαο
1466 4526 1508 4582 cei
1530 4543 1722 4597 quemcumque
1743 4533 1913 4583 tesserarum

1092 4592 1185 4647 iudum
1208 4594 1305 4671 [acac
1330 4594 1372 4650 oet
1397 4594 1432 4648 iis
1457 4594 1506 4663 qui
1527 4595 1635 4650 tesseris
1658 4593 1755 4649 ludunt
1776 4595 1912 4651 interesse

1091 4660 1135 4716 oei
1155 4659 1281 4716 adsidere
1301 4670 1329 4716 et
1349 4660 1479 4717 delectari
1501 4662 1588 4731 iisqne
1610 4678 1682 4732 quae
1702 4669 1826 4732 cpuntnr
1843 4679 1911 4719 corr·

1091 4729 1192 4783 sentire
1215 4729 1257 4783 uel
1273 4728 1432 4807 subparibus
1447 4728 1611 4849 ‘spectaculis
1627 4729 1771 4793 interesse,
1793 4728 1830 4785 de
1847 4731 1910 4801 qui-

1091 4794 1142 4850 bus
1158 4812 1247 4867 snpra
1263 4796 1392 4860 diserrnus,
1415 4813 1446 4851 oc
1479 4813 1574 4851 eorum
1590 4796 1770 4919 ηυίἀγροιτι
1787 4799 1910 4867 quaein

1091 4864 1128 4917 iis
1141 4864 1238 4934 facere
1254 4864 1330 4919 vetiti
1346 4870 1419 4927 sunt,
1436 4863 1485 4919 scd
1498 4864 1572 4918 omui
1586 4881 1646 4918 cum
1685 4864 1690 4875 '
1718 4865 1911 4922 corrunussious

1092 4937 1109 4985 4
1143 4929 1178 4986 de
1199 4938 1288 4987 cetero
1306 4930 1448 4986 abstinere.
1488 4930 1569 4997 Quod
1583 4932 1654 4987 enim
1670 4933 1726 4986 ium
1742 4934 1909 5004 praecessit.

1092 4998 1144 5053 etsi
1165 4999 1269 5069 inquiri
1289 4998 1386 5054 debeat
1406 4999 1449 5055 oet
1470 5000 1552 5054 etiam
1573 5005 1639 5073 apte
1654 4998 1797 5064 vindicari,
1815 5006 1911 5056 tamen

1092 5065 1207 5145 benique
1228 5064 1400 5138 iudutpemus
1416 5067 1573 5140 praesentis
1598 5067 1666 5138 lepis
1691 5066 1911 5125 obseruationem

1093 5134 1216 5189 omnibus
1231 5135 1262 5188 in
1277 5135 1405 5206 futurum
1423 5143 1527 5206 tempus
1543 5135 1717 5207 imponentes.
1741 5133 1819 5190 decet
1835 5136 1910 5191 enim

1092 5218 1141 5258 cos
1161 5201 1272 5257 ieiuniis
1291 5209 1319 5258 et
1343 5202 1444 5275 cipiiiis
1465 5211 1494 5257 et
1515 5202 1655 5257 exercitiis
1673 5218 1772 5257 sacrae
1787 5203 1910 5276 scriptu·

1092 5286 1142 5325 rae
1167 5276 1195 5324 et
1210 5268 1340 5341 precibus
1355 5274 1415 5343 ipro
1438 5271 1557 5325 oorrrium
1579 5270 1668 5325 sainte
1687 5269 1841 5339 fundendis
1862 5288 1910 5327 ca·

1092 5353 1157 5393 care
1178 5354 1213 5392 ne
1233 5354 1266 5392 ne
1288 5336 1332 5391 bis
1354 5337 1457 5393 relictis
1481 5339 1556 5393 omni
1576 5344 1715 5410 exparte
1731 5339 1865 5410 profana
1881 5346 1911 5395 et

1093 5410 1109 5459 b
1138 5354 1290 5483 probibita
1314 5406 1455 5477 attinuere.
1506 5404 1582 5461 Idem
1606 5405 1744 5460 sancimus
1768 5405 1853 5461 etiam
1878 5406 1910 5461 irs

1092 5472 1214 5543 reliquos
1238 5471 1366 5539 clericos,
1394 5472 1577 5529 subdiaconos
1601 5472 1705 5528 scilicet
1728 5480 1757 5529 et
1780 5472 1909 5539 lectores,

1093 5540 1142 5611 qui
1166 5547 1195 5595 et
1217 5540 1273 5613 ipsi
1297 5558 1394 5597 sacrae
1417 5558 1527 5597 mensae
1552 5548 1580 5596 et
1605 5541 1693 5596 omnis
1712 5541 1788 5596 circa
1810 5556 1910 5597 sucro-

1092 5614 1205 5664 sarrctos
1225 5607 1356 5665 ecclesias
1375 5614 1490 5665 orrratrcs
1510 5609 1629 5665 ministri
1650 5616 1679 5664 et
1699 5608 1823 5681 operarii
1841 5620 1910 5665 sunt

1092 5681 1121 5733 et
1136 5674 1229 5732 divina
1246 5677 1361 5733 cruciata
1376 5682 1576 5733 contrectantes
1592 5676 1698 5749 partim
1713 5692 1811 5732 samus
1826 5676 1911 5735 nobis
