<?xml version="1.0" encoding="UTF-8"?>
<!DOCTYPE html PUBLIC "-//W3C//DTD XHTML 1.0 Transitional//EN"
    "http://www.w3.org/TR/xhtml1/DTD/xhtml1-transitional.dtd">
<html xmlns="http://www.w3.org/1999/xhtml" xml:lang="en" lang="en">
 <head>
  <title>
</title>
<meta http-equiv="Content-Type" content="text/html;charset=utf-8" />
  <meta name='ocr-system' content='tesseract 3.04.00' />
  <meta name='ocr-capabilities' content='ocr_page ocr_carea ocr_par ocr_line ocrx_word'/>
</head>
<body>
  <div class='ocr_page' id='page_1' title='image "./corpusiuriscivi00justgoog_0065.png"; bbox 0 0 3832 6126; ppageno 0'>
   <div class='ocr_carea' id='block_1_1' title="bbox 204 302 262 369">
    <p class='ocr_par' dir='ltr' id='par_1_1' title="bbox 204 302 262 369">
     <span class='ocr_line' id='line_1_1' title="bbox 204 302 262 369; baseline -0.034 0"><span class='ocrx_word' id='word_1_1' title='bbox 204 302 262 369; x_wconf 83' lang='lat'><em>14</em></span> 
     </span>
    </p>
   </div>
   <div class='ocr_carea' id='block_1_2' title="bbox 203 477 1016 3844">
    <p class='ocr_par' dir='ltr' id='par_1_2' title="bbox 203 477 1016 3576">
     <span class='ocr_line' id='line_1_2' title="bbox 204 477 1010 555; baseline 0 -23"><span class='ocrx_word' id='word_1_2' title='bbox 204 479 343 555; x_wconf 72' lang='grc' dir='ltr'><em>ἡμετέρους</em></span> <span class='ocrx_word' id='word_1_3' title='bbox 373 477 509 535; x_wconf 56' lang='lat' dir='ltr'><em>ennean</em></span> <span class='ocrx_word' id='word_1_4' title='bbox 538 477 741 551; x_wconf 74' lang='grc' dir='ltr'><strong><em>όποβάλλεσθαι</em></strong></span> <span class='ocrx_word' id='word_1_5' title='bbox 775 484 961 555; x_wconf 77' lang='grc' dir='ltr'><strong><em>συγχωροῦμεν</em></strong></span> <span class='ocrx_word' id='word_1_6' title='bbox 993 477 1010 547; x_wconf 83' lang='grc' dir='ltr'>ἢ</span> 
     </span>
     <span class='ocr_line' id='line_1_3' title="bbox 204 546 1009 620; baseline -0.001 -20"><span class='ocrx_word' id='word_1_7' title='bbox 204 552 271 620; x_wconf 72' lang='grc' dir='ltr'><strong><em>ὑπὲρ</em></strong></span> <span class='ocrx_word' id='word_1_8' title='bbox 294 546 413 602; x_wconf 76' lang='grc' dir='ltr'><strong><em>στάσεως</em></strong></span> <span class='ocrx_word' id='word_1_9' title='bbox 434 549 574 603; x_wconf 56' lang='grc' dir='ltr'><strong><em>ὲιιτολίωε·</em></strong></span> <span class='ocrx_word' id='word_1_10' title='bbox 592 546 651 604; x_wconf 73' lang='grc' dir='ltr'><strong><em>ἀλλ’</em></strong></span> <span class='ocrx_word' id='word_1_11' title='bbox 671 553 694 603; x_wconf 80' lang='grc' dir='ltr'><em>εἰ</em></span> <span class='ocrx_word' id='word_1_12' title='bbox 713 555 763 618; x_wconf 85' lang='grc' dir='ltr'><em>μίν</em></span> <span class='ocrx_word' id='word_1_13' title='bbox 780 548 908 615; x_wconf 85' lang='grc' dir='ltr'><strong><em>άκίιητον</em></strong></span> <span class='ocrx_word' id='word_1_14' title='bbox 924 552 1009 614; x_wconf 70' lang='grc' dir='ltr'><strong><em>ἔχοιεν</em></strong></span> 
     </span>
     <span class='ocr_line' id='line_1_4' title="bbox 204 613 1008 688; baseline 0 -21"><span class='ocrx_word' id='word_1_15' title='bbox 204 613 300 668; x_wconf 80' lang='grc' dir='ltr'><strong><em>οὐσίαν</em></strong></span> <span class='ocrx_word' id='word_1_16' title='bbox 322 614 470 688; x_wconf 79' lang='grc' dir='ltr'><strong><em>ἀξιόχρεων</em></strong></span> <span class='ocrx_word' id='word_1_17' title='bbox 491 616 518 669; x_wconf 90' lang='grc' dir='ltr'><em>σί</em></span> <span class='ocrx_word' id='word_1_18' title='bbox 539 613 624 686; x_wconf 79' lang='grc' dir='ltr'><strong><em>όπομι</em></strong></span> <span class='ocrx_word' id='word_1_19' title='bbox 647 620 768 680; x_wconf 58' lang='lat' dir='ltr'><em>obtures,</em></span> <span class='ocrx_word' id='word_1_20' title='bbox 791 614 869 687; x_wconf 81' lang='grc' dir='ltr'><strong><em>όρκον</em></strong></span> <span class='ocrx_word' id='word_1_21' title='bbox 887 637 1008 688; x_wconf 86' lang='grc' dir='ltr'><strong><em>γραμμα-</em></strong></span> 
     </span>
     <span class='ocr_line' id='line_1_5' title="bbox 204 637 1009 751; baseline -0.001 -16"><span class='ocrx_word' id='word_1_22' title='bbox 204 688 276 735; x_wconf 83' lang='grc' dir='ltr'><strong><em>τεῖον</em></strong></span> <span class='ocrx_word' id='word_1_23' title='bbox 294 683 457 736; x_wconf 67' lang='grc' dir='ltr'><strong><em>ἐκτίθεσθαι</em></strong></span> <span class='ocrx_word' id='word_1_24' title='bbox 474 684 572 751; x_wconf 82' lang='grc' dir='ltr'><strong><em>μόνον·</em></strong></span> <span class='ocrx_word' id='word_1_25' title='bbox 590 688 613 737; x_wconf 77' lang='grc' dir='ltr'><em>τί</em></span> <span class='ocrx_word' id='word_1_26' title='bbox 624 637 661 737; x_wconf 72' lang='grc' dir='ltr'><em>δὲ</em></span> <span class='ocrx_word' id='word_1_27' title='bbox 676 683 724 737; x_wconf 74' lang='grc' dir='ltr'><em>οὐκ</em></span> <span class='ocrx_word' id='word_1_28' title='bbox 746 687 839 750; x_wconf 71' lang='grc' dir='ltr'><strong><em>ἔχοιεν,</em></strong></span> <span class='ocrx_word' id='word_1_29' title='bbox 861 686 1009 748; x_wconf 82' lang='grc' dir='ltr'><strong><em>τηνικαῦτα</em></strong></span> 
     </span>
     <span class='ocr_line' id='line_1_6' title="bbox 203 747 1008 823; baseline -0.001 -22"><span class='ocrx_word' id='word_1_30' title='bbox 203 753 254 818; x_wconf 79' lang='grc' dir='ltr'><em>μίν</em></span> <span class='ocrx_word' id='word_1_31' title='bbox 271 747 367 821; x_wconf 82' lang='grc' dir='ltr'><strong><em>ίγγόην</em></strong></span> <span class='ocrx_word' id='word_1_32' title='bbox 384 752 444 821; x_wconf 78' lang='grc' dir='ltr'><strong><em>ἄχρι</em></strong></span> <span class='ocrx_word' id='word_1_33' title='bbox 461 754 508 817; x_wconf 73' lang='grc' dir='ltr'><strong><em>τῆς</em></strong></span> <span class='ocrx_word' id='word_1_34' title='bbox 524 751 573 818; x_wconf 76' lang='grc' dir='ltr'><strong><em>ἤδη</em></strong></span> <span class='ocrx_word' id='word_1_35' title='bbox 595 752 742 823; x_wconf 77' lang='grc' dir='ltr'><strong><em>κρατοόσηε</em></strong></span> <span class='ocrx_word' id='word_1_36' title='bbox 760 751 906 815; x_wconf 66' lang='grc' dir='ltr'><strong><em>ποσότητος</em></strong></span> <span class='ocrx_word' id='word_1_37' title='bbox 929 755 1008 821; x_wconf 81' lang='grc' dir='ltr'><strong><em>παρί-</em></strong></span> 
     </span>
     <span class='ocr_line' id='line_1_7' title="bbox 208 815 1009 901; baseline -0.002 -30"><span class='ocrx_word' id='word_1_38' title='bbox 208 822 237 871; x_wconf 79' lang='lat'><em>12</em></span> <span class='ocrx_word' id='word_1_39' title='bbox 271 837 336 882; x_wconf 83' lang='grc' dir='ltr'><strong><em>χειν,</em></strong></span> <span class='ocrx_word' id='word_1_40' title='bbox 359 825 438 890; x_wconf 69' lang='grc' dir='ltr'><strong><em>χωρίς</em></strong></span> <span class='ocrx_word' id='word_1_41' title='bbox 459 824 552 887; x_wconf 82' lang='grc' dir='ltr'><strong><em>μέντοι</em></strong></span> <span class='ocrx_word' id='word_1_42' title='bbox 575 823 667 887; x_wconf 72' lang='grc' dir='ltr'><strong><em>ζημίας</em></strong></span> <span class='ocrx_word' id='word_1_43' title='bbox 683 816 794 884; x_wconf 78' lang='grc' dir='ltr'><strong><em>ἁπάσης.</em></strong></span> <span class='ocrx_word' id='word_1_44' title='bbox 819 819 853 870; x_wconf 78' lang='lat' dir='ltr'><em>Et</em></span> <span class='ocrx_word' id='word_1_45' title='bbox 867 815 1009 901; x_wconf 77' lang='grc' dir='ltr'><strong><em>δὲάμφισ-</em></strong></span> 
     </span>
     <span class='ocr_line' id='line_1_8' title="bbox 205 883 1009 959; baseline -0.007 -17"><span class='ocrx_word' id='word_1_46' title='bbox 205 893 315 959; x_wconf 62' lang='lat' dir='ltr'><em>beroien</em></span> <span class='ocrx_word' id='word_1_47' title='bbox 341 892 368 939; x_wconf 90' lang='grc' dir='ltr'><em>οί</em></span> <span class='ocrx_word' id='word_1_48' title='bbox 400 883 545 958; x_wconf 70' lang='grc' dir='ltr'><strong><em>πράκτορες</em></strong></span> <span class='ocrx_word' id='word_1_49' title='bbox 567 893 629 957; x_wconf 82' lang='grc' dir='ltr'><strong><em>περὶ</em></strong></span> <span class='ocrx_word' id='word_1_50' title='bbox 648 889 694 951; x_wconf 61' lang='lat' dir='ltr'><em>ries</em></span> <span class='ocrx_word' id='word_1_51' title='bbox 711 889 769 938; x_wconf 81' lang='grc' dir='ltr'><strong><em>τιῐιν</em></strong></span> <span class='ocrx_word' id='word_1_52' title='bbox 785 887 923 957; x_wconf 73' lang='grc' dir='ltr'><strong><em>ἕγγιητῶν</em></strong></span> <span class='ocrx_word' id='word_1_53' title='bbox 939 886 1009 945; x_wconf 79' lang='grc' dir='ltr'><strong><em>αξιο-</em></strong></span> 
     </span>
     <span class='ocr_line' id='line_1_9' title="bbox 205 946 1009 1025; baseline -0.001 -21"><span class='ocrx_word' id='word_1_54' title='bbox 205 958 313 1004; x_wconf 75' lang='grc' dir='ltr'><strong><em>πιστίασ</em></strong></span> <span class='ocrx_word' id='word_1_55' title='bbox 334 946 351 1016; x_wconf 80' lang='grc' dir='ltr'><em>ἢ</em></span> <span class='ocrx_word' id='word_1_56' title='bbox 369 954 415 1018; x_wconf 71' lang='grc' dir='ltr'><em>τῆς</em></span> <span class='ocrx_word' id='word_1_57' title='bbox 431 951 584 1021; x_wconf 68' lang='grc' dir='ltr'><strong><em>διωμοσίας,</em></strong></span> <span class='ocrx_word' id='word_1_58' title='bbox 609 955 684 1025; x_wconf 72' lang='grc' dir='ltr'><strong><em>κοινῇ</em></strong></span> <span class='ocrx_word' id='word_1_59' title='bbox 706 951 848 1006; x_wconf 68' lang='grc' dir='ltr'><strong><em>συνιόντας</em></strong></span> <span class='ocrx_word' id='word_1_60' title='bbox 868 955 904 1004; x_wconf 80' lang='lat' dir='ltr'><em>ais</em></span> <span class='ocrx_word' id='word_1_61' title='bbox 926 949 1009 1004; x_wconf 78' lang='grc' dir='ltr'><em>ταύτὸ</em></span> 
     </span>
     <span class='ocr_line' id='line_1_10' title="bbox 205 1016 1010 1092; baseline 0.001 -23"><span class='ocrx_word' id='word_1_62' title='bbox 205 1018 255 1070; x_wconf 84' lang='grc' dir='ltr'><em>τόν</em></span> <span class='ocrx_word' id='word_1_63' title='bbox 271 1018 485 1089; x_wconf 57' lang='grc' dir='ltr'><strong><em>θεοφιλέστατον</em></strong></span> <span class='ocrx_word' id='word_1_64' title='bbox 503 1024 651 1075; x_wconf 78' lang='grc' dir='ltr'><strong><em>ἐπίσκοπον</em></strong></span> <span class='ocrx_word' id='word_1_65' title='bbox 667 1016 717 1073; x_wconf 90' lang='grc' dir='ltr'><em>τόν</em></span> <span class='ocrx_word' id='word_1_66' title='bbox 735 1040 765 1072; x_wconf 86' lang='grc' dir='ltr'><em>τε</em></span> <span class='ocrx_word' id='word_1_67' title='bbox 781 1026 885 1092; x_wconf 80' lang='grc' dir='ltr'><strong><em>πατέρα</em></strong></span> <span class='ocrx_word' id='word_1_68' title='bbox 908 1018 958 1071; x_wconf 87' lang='grc' dir='ltr'><em>τόν</em></span> <span class='ocrx_word' id='word_1_69' title='bbox 980 1039 1010 1070; x_wconf 84' lang='grc' dir='ltr'><em>τε</em></span> 
     </span>
     <span class='ocr_line' id='line_1_11' title="bbox 205 1082 1009 1157; baseline 0 -21"><span class='ocrx_word' id='word_1_70' title='bbox 205 1082 311 1138; x_wconf 69' lang='grc' dir='ltr'><strong><em>ἔκδικον</em></strong></span> <span class='ocrx_word' id='word_1_71' title='bbox 331 1088 377 1152; x_wconf 65' lang='grc' dir='ltr'><strong><em>τῆς</em></strong></span> <span class='ocrx_word' id='word_1_72' title='bbox 400 1084 503 1140; x_wconf 70' lang='grc' dir='ltr'><strong><em>πόλεως</em></strong></span> <span class='ocrx_word' id='word_1_73' title='bbox 520 1094 620 1156; x_wconf 84' lang='grc' dir='ltr'><strong><em>κρίνειν</em></strong></span> <span class='ocrx_word' id='word_1_74' title='bbox 636 1088 685 1141; x_wconf 82' lang='grc' dir='ltr'><em>τόν</em></span> <span class='ocrx_word' id='word_1_75' title='bbox 709 1082 866 1150; x_wconf 72' lang='grc' dir='ltr'><strong><em>ἀξιόπιστον</em></strong></span> <span class='ocrx_word' id='word_1_76' title='bbox 884 1087 1009 1157; x_wconf 87' lang='grc' dir='ltr'><strong><em>φαινόμε-</em></strong></span> 
     </span>
     <span class='ocr_line' id='line_1_12' title="bbox 205 1152 1010 1240; baseline -0.001 -36"><span class='ocrx_word' id='word_1_77' title='bbox 205 1173 255 1204; x_wconf 86' lang='grc' dir='ltr'><em>νον</em></span> <span class='ocrx_word' id='word_1_78' title='bbox 278 1152 407 1225; x_wconf 72' lang='grc' dir='ltr'><strong><em>ἐγγυητὴν</em></strong></span> <span class='ocrx_word' id='word_1_79' title='bbox 430 1155 496 1224; x_wconf 70' lang='grc' dir='ltr'><strong><em>πρὸς</em></strong></span> <span class='ocrx_word' id='word_1_80' title='bbox 517 1157 568 1240; x_wconf 64' lang='grc' dir='ltr'><em>την</em></span> <span class='ocrx_word' id='word_1_81' title='bbox 590 1158 637 1220; x_wconf 72' lang='grc' dir='ltr'><em>τηε</em></span> <span class='ocrx_word' id='word_1_82' title='bbox 653 1158 788 1227; x_wconf 73' lang='grc' dir='ltr'><strong><em>ἐναγωγης</em></strong></span> <span class='ocrx_word' id='word_1_83' title='bbox 810 1152 948 1218; x_wconf 77' lang='grc' dir='ltr'><strong><em>ποσότητα</em></strong></span> <span class='ocrx_word' id='word_1_84' title='bbox 965 1157 1010 1205; x_wconf 88' lang='grc' dir='ltr'><em>καί</em></span> 
     </span>
     <span class='ocr_line' id='line_1_13' title="bbox 205 1216 1010 1294; baseline 0.001 -23"><span class='ocrx_word' id='word_1_85' title='bbox 205 1216 324 1291; x_wconf 58' lang='lat' dir='ltr'><em>rio-ripum}</em></span> <span class='ocrx_word' id='word_1_86' title='bbox 340 1223 411 1285; x_wconf 62' lang='grc' dir='ltr'><strong><em>ίηηειν</em></strong></span> <span class='ocrx_word' id='word_1_87' title='bbox 426 1222 476 1273; x_wconf 87' lang='grc' dir='ltr'><em>τόν</em></span> <span class='ocrx_word' id='word_1_88' title='bbox 493 1240 631 1294; x_wconf 83' lang='grc' dir='ltr'><strong><em>πρακτορα</em></strong></span> <span class='ocrx_word' id='word_1_89' title='bbox 649 1220 776 1287; x_wconf 75' lang='grc' dir='ltr'><strong><em>δέχεσθαι</em></strong></span> <span class='ocrx_word' id='word_1_90' title='bbox 800 1225 895 1274; x_wconf 76' lang='grc' dir='ltr'><strong><em>τοῦτον</em></strong></span> <span class='ocrx_word' id='word_1_91' title='bbox 913 1217 1010 1292; x_wconf 79' lang='grc' dir='ltr'><strong><em>ἐγγυώ-</em></strong></span> 
     </span>
     <span class='ocr_line' id='line_1_14' title="bbox 204 1286 1010 1361; baseline -0.001 -22"><span class='ocrx_word' id='word_1_92' title='bbox 204 1307 295 1356; x_wconf 82' lang='grc' dir='ltr'><strong><em>μενον,</em></strong></span> <span class='ocrx_word' id='word_1_93' title='bbox 313 1288 398 1355; x_wconf 75' lang='grc' dir='ltr'><strong><em>μηδὲν</em></strong></span> <span class='ocrx_word' id='word_1_94' title='bbox 414 1288 589 1357; x_wconf 76' lang='grc' dir='ltr'><strong><em>κομιζόμενον</em></strong></span> <span class='ocrx_word' id='word_1_95' title='bbox 607 1287 675 1361; x_wconf 78' lang='grc' dir='ltr'><strong><em>ὑπὲρ</em></strong></span> <span class='ocrx_word' id='word_1_96' title='bbox 699 1291 850 1361; x_wconf 79' lang='grc' dir='ltr'><strong><em>ἐγγνητικοῦ</em></strong></span> <span class='ocrx_word' id='word_1_97' title='bbox 873 1286 888 1354; x_wconf 84' lang='grc' dir='ltr'><strong><em>ἢ</em></strong></span> <span class='ocrx_word' id='word_1_98' title='bbox 912 1291 1010 1355; x_wconf 75' lang='grc' dir='ltr'><strong><em>ἐξωμο-</em></strong></span> 
     </span>
     <span class='ocr_line' id='line_1_15' title="bbox 208 1353 1012 1424; baseline -0.005 -15"><span class='ocrx_word' id='word_1_99' title='bbox 208 1359 237 1409; x_wconf 81' lang='grc'><em>13</em></span> <span class='ocrx_word' id='word_1_100' title='bbox 273 1361 338 1407; x_wconf 69' lang='grc' dir='ltr'><strong><em>σίας.</em></strong></span> <span class='ocrx_word' id='word_1_101' title='bbox 379 1355 453 1420; x_wconf 71' lang='grc' dir='ltr'><strong><em>Πλὴν</em></strong></span> <span class='ocrx_word' id='word_1_102' title='bbox 477 1358 500 1408; x_wconf 86' lang='grc' dir='ltr'><em>εί</em></span> <span class='ocrx_word' id='word_1_103' title='bbox 521 1357 558 1424; x_wconf 86' lang='grc' dir='ltr'><em>μὴ</em></span> <span class='ocrx_word' id='word_1_104' title='bbox 579 1358 608 1419; x_wconf 72' lang='grc' dir='ltr'><em>ἐξ</em></span> <span class='ocrx_word' id='word_1_105' title='bbox 630 1355 712 1423; x_wconf 77' lang='grc' dir='ltr'><strong><em>ίδικηε</em></strong></span> <span class='ocrx_word' id='word_1_106' title='bbox 734 1353 811 1423; x_wconf 78' lang='grc' dir='ltr'><strong><em>ίμιῦν</em></strong></span> <span class='ocrx_word' id='word_1_107' title='bbox 829 1355 845 1423; x_wconf 84' lang='grc' dir='ltr'><em>ἧ</em></span> <span class='ocrx_word' id='word_1_108' title='bbox 864 1374 936 1408; x_wconf 79' lang='grc' dir='ltr'><strong><em>τινος</em></strong></span> <span class='ocrx_word' id='word_1_109' title='bbox 953 1357 1012 1407; x_wconf 79' lang='grc' dir='ltr'><em>τῶν</em></span> 
     </span>
     <span class='ocr_line' id='line_1_16' title="bbox 206 1378 1010 1493; baseline -0.001 -19"><span class='ocrx_word' id='word_1_110' title='bbox 206 1428 341 1493; x_wconf 82' lang='grc' dir='ltr'><strong><em>μεγίστων</em></strong></span> <span class='ocrx_word' id='word_1_111' title='bbox 358 1418 498 1491; x_wconf 81' lang='grc' dir='ltr'><strong><em>άρχόιτων</em></strong></span> <span class='ocrx_word' id='word_1_112' title='bbox 516 1422 686 1492; x_wconf 72' lang='grc' dir='ltr'><strong><em>προστάξεως</em></strong></span> <span class='ocrx_word' id='word_1_113' title='bbox 707 1378 862 1489; x_wconf 72' lang='grc' dir='ltr'><strong><em>κελευσθείη</em></strong></span> <span class='ocrx_word' id='word_1_114' title='bbox 879 1422 911 1475; x_wconf 87' lang='grc' dir='ltr'><em>τὸ</em></span> <span class='ocrx_word' id='word_1_115' title='bbox 929 1420 1010 1491; x_wconf 87' lang='grc' dir='ltr'><strong><em>πρόσ-</em></strong></span> 
     </span>
     <span class='ocr_line' id='line_1_17' title="bbox 207 1488 1011 1562; baseline -0.004 -20"><span class='ocrx_word' id='word_1_116' title='bbox 207 1508 284 1542; x_wconf 87' lang='grc' dir='ltr'><strong><em>ωπον</em></strong></span> <span class='ocrx_word' id='word_1_117' title='bbox 301 1488 418 1561; x_wconf 83' lang='grc' dir='ltr'><strong><em>ἀγαγεῖν,</em></strong></span> <span class='ocrx_word' id='word_1_118' title='bbox 436 1493 549 1562; x_wconf 71' lang='grc' dir='ltr'><strong><em>ἐγγυητη</em></strong></span> <span class='ocrx_word' id='word_1_119' title='bbox 565 1492 602 1559; x_wconf 89' lang='grc' dir='ltr'><em>μὴ</em></span> <span class='ocrx_word' id='word_1_120' title='bbox 618 1490 845 1544; x_wconf 75' lang='grc' dir='ltr'><strong><em>καταπιστεύσασ·</em></strong></span> <span class='ocrx_word' id='word_1_121' title='bbox 863 1491 1011 1556; x_wconf 71' lang='grc' dir='ltr'><strong><em>τηνικαῦτα</em></strong></span> 
     </span>
     <span class='ocr_line' id='line_1_18' title="bbox 205 1547 1011 1642; baseline 0 -34"><span class='ocrx_word' id='word_1_122' title='bbox 205 1557 255 1628; x_wconf 83' lang='grc' dir='ltr'><strong><em>γὰρ</em></strong></span> <span class='ocrx_word' id='word_1_123' title='bbox 280 1554 356 1608; x_wconf 80' lang='grc' dir='ltr'><strong><em>ἄδεια</em></strong></span> <span class='ocrx_word' id='word_1_124' title='bbox 382 1559 459 1609; x_wconf 69' lang='grc' dir='ltr'><strong><em>ἔσται</em></strong></span> <span class='ocrx_word' id='word_1_125' title='bbox 484 1547 681 1631; x_wconf 53' lang='lat' dir='ltr'><em>resupinam</em></span> <span class='ocrx_word' id='word_1_126' title='bbox 704 1559 833 1630; x_wconf 66' lang='grc' dir='ltr'><strong><em>ἐγγυητὴν</em></strong></span> <span class='ocrx_word' id='word_1_127' title='bbox 848 1559 886 1642; x_wconf 84' lang='grc' dir='ltr'><em>μη</em></span> <span class='ocrx_word' id='word_1_128' title='bbox 909 1560 1011 1624; x_wconf 81' lang='grc' dir='ltr'><strong><em>κομίζε-</em></strong></span> 
     </span>
     <span class='ocr_line' id='line_1_19' title="bbox 206 1622 1011 1699; baseline 0.002 -24"><span class='ocrx_word' id='word_1_129' title='bbox 206 1625 276 1675; x_wconf 88' lang='grc' dir='ltr'><strong><em>σθαι</em></strong></span> <span class='ocrx_word' id='word_1_130' title='bbox 301 1628 345 1675; x_wconf 83' lang='grc' dir='ltr'><em>καί</em></span> <span class='ocrx_word' id='word_1_131' title='bbox 371 1627 451 1676; x_wconf 81' lang='grc' dir='ltr'><strong><em>τοῦτο</em></strong></span> <span class='ocrx_word' id='word_1_132' title='bbox 471 1631 565 1693; x_wconf 78' lang='grc' dir='ltr'><strong><em>μέντοι</em></strong></span> <span class='ocrx_word' id='word_1_133' title='bbox 588 1624 718 1699; x_wconf 81' lang='grc' dir='ltr'><strong><em>πράττειν</em></strong></span> <span class='ocrx_word' id='word_1_134' title='bbox 740 1633 820 1695; x_wconf 79' lang='grc' dir='ltr'><strong><em>χωρίς</em></strong></span> <span class='ocrx_word' id='word_1_135' title='bbox 841 1622 945 1689; x_wconf 79' lang='grc' dir='ltr'><strong><em>απάσησ</em></strong></span> <span class='ocrx_word' id='word_1_136' title='bbox 968 1629 1011 1689; x_wconf 87' lang='grc' dir='ltr'><strong><em>ζη-</em></strong></span> 
     </span>
     <span class='ocr_line' id='line_1_20' title="bbox 209 1689 1010 1765; baseline -0.005 -21"><span class='ocrx_word' id='word_1_137' title='bbox 209 1696 238 1744; x_wconf 82' lang='lat' dir='ltr'><em>rt</em></span> <span class='ocrx_word' id='word_1_138' title='bbox 277 1698 346 1759; x_wconf 78' lang='grc' dir='ltr'><strong><em>μίαε.</em></strong></span> <span class='ocrx_word' id='word_1_139' title='bbox 387 1689 540 1745; x_wconf 78' lang='grc' dir='ltr'><strong><em>Κάνταῦθα</em></strong></span> <span class='ocrx_word' id='word_1_140' title='bbox 562 1696 620 1745; x_wconf 80' lang='grc' dir='ltr'><em>τῶν</em></span> <span class='ocrx_word' id='word_1_141' title='bbox 644 1690 736 1746; x_wconf 79' lang='grc' dir='ltr'><strong><em>αὐτῶν</em></strong></span> <span class='ocrx_word' id='word_1_142' title='bbox 757 1691 931 1765; x_wconf 90' lang='grc' dir='ltr'><strong><em>κρατοόντων</em></strong></span> <span class='ocrx_word' id='word_1_143' title='bbox 954 1696 1010 1745; x_wconf 82' lang='grc' dir='ltr'><strong><em>ἐπι·</em></strong></span> 
     </span>
     <span class='ocr_line' id='line_1_21' title="bbox 206 1756 1011 1831; baseline 0.004 -22"><span class='ocrx_word' id='word_1_144' title='bbox 206 1764 305 1825; x_wconf 88' lang='grc' dir='ltr'><strong><em>τιμίων</em></strong></span> <span class='ocrx_word' id='word_1_145' title='bbox 331 1756 400 1810; x_wconf 86' lang='grc' dir='ltr'><strong><em>κατά</em></strong></span> <span class='ocrx_word' id='word_1_146' title='bbox 425 1779 456 1812; x_wconf 87' lang='grc' dir='ltr'><em>τε</em></span> <span class='ocrx_word' id='word_1_147' title='bbox 485 1763 532 1811; x_wconf 80' lang='grc' dir='ltr'><em>τοῦ</em></span> <span class='ocrx_word' id='word_1_148' title='bbox 560 1758 769 1831; x_wconf 73' lang='grc' dir='ltr'><strong><em>θεοφιλεστάτου</em></strong></span> <span class='ocrx_word' id='word_1_149' title='bbox 795 1758 941 1814; x_wconf 73' lang='grc' dir='ltr'><strong><em>ἐπισκόπου</em></strong></span> <span class='ocrx_word' id='word_1_150' title='bbox 967 1762 1011 1809; x_wconf 86' lang='grc' dir='ltr'><em>καὶ</em></span> 
     </span>
     <span class='ocr_line' id='line_1_22' title="bbox 206 1822 1011 1911; baseline 0 -35"><span class='ocrx_word' id='word_1_151' title='bbox 206 1826 254 1876; x_wconf 80' lang='grc' dir='ltr'><em>τοῦ</em></span> <span class='ocrx_word' id='word_1_152' title='bbox 281 1822 469 1897; x_wconf 71' lang='grc' dir='ltr'><strong><em>λαμπροτάτου</em></strong></span> <span class='ocrx_word' id='word_1_153' title='bbox 490 1831 536 1892; x_wconf 65' lang='grc' dir='ltr'><em>της</em></span> <span class='ocrx_word' id='word_1_154' title='bbox 559 1831 686 1911; x_wconf 63' lang='lat' dir='ltr'><em>inoppino</em></span> <span class='ocrx_word' id='word_1_155' title='bbox 703 1826 841 1898; x_wconf 71' lang='grc' dir='ltr'><strong><em>ἄρχοντος,</em></strong></span> <span class='ocrx_word' id='word_1_156' title='bbox 864 1829 891 1880; x_wconf 80' lang='grc' dir='ltr'><em>εἴ</em></span> <span class='ocrx_word' id='word_1_157' title='bbox 909 1848 935 1879; x_wconf 92' lang='grc' dir='ltr'><em>τι</em></span> <span class='ocrx_word' id='word_1_158' title='bbox 953 1822 1011 1879; x_wconf 79' lang='lat' dir='ltr'><em>roi·-</em></span> 
     </span>
     <span class='ocr_line' id='line_1_23' title="bbox 206 1895 1012 1967; baseline -0.001 -23"><span class='ocrx_word' id='word_1_159' title='bbox 206 1912 264 1944; x_wconf 90' lang='grc' dir='ltr'><em>των</em></span> <span class='ocrx_word' id='word_1_160' title='bbox 287 1895 486 1965; x_wconf 76' lang='grc' dir='ltr'><strong><em>παραβαθηναι</em></strong></span> <span class='ocrx_word' id='word_1_161' title='bbox 515 1913 713 1967; x_wconf 85' lang='grc' dir='ltr'><strong><em>συγχωρησαιεν</em></strong></span> <span class='ocrx_word' id='word_1_162' title='bbox 734 1896 750 1961; x_wconf 80' lang='grc' dir='ltr'><em>ἢ</em></span> <span class='ocrx_word' id='word_1_163' title='bbox 777 1899 1012 1965; x_wconf 69' lang='grc' dir='ltr'><strong><em>παραβαινομένου</em></strong></span> 
     </span>
     <span class='ocr_line' id='line_1_24' title="bbox 208 1958 1013 2030; baseline -0.002 -17"><span class='ocrx_word' id='word_1_164' title='bbox 208 1966 239 2013; x_wconf 82' lang='grc'><em>15</em></span> <span class='ocrx_word' id='word_1_165' title='bbox 257 1964 292 2023; x_wconf 79' lang='lat' dir='ltr'><em>(it</em></span> <span class='ocrx_word' id='word_1_166' title='bbox 328 1960 400 2013; x_wconf 75' lang='lat' dir='ltr'><em>renos</em></span> <span class='ocrx_word' id='word_1_167' title='bbox 416 1961 453 2028; x_wconf 89' lang='grc' dir='ltr'><em>μὴ</em></span> <span class='ocrx_word' id='word_1_168' title='bbox 469 1962 577 2014; x_wconf 81' lang='grc' dir='ltr'><strong><em>θάττον</em></strong></span> <span class='ocrx_word' id='word_1_169' title='bbox 594 1964 680 2014; x_wconf 77' lang='grc' dir='ltr'><strong><em>ταῦτα</em></strong></span> <span class='ocrx_word' id='word_1_170' title='bbox 697 1958 851 2030; x_wconf 84' lang='grc' dir='ltr'><strong><em>μηνόσαιεν.</em></strong></span> <span class='ocrx_word' id='word_1_171' title='bbox 895 1958 1013 2026; x_wconf 79' lang='grc' dir='ltr'><em>ιΔηλαδη</em></span> 
     </span>
     <span class='ocr_line' id='line_1_25' title="bbox 206 2024 1012 2098; baseline 0 -20"><span class='ocrx_word' id='word_1_172' title='bbox 206 2025 243 2095; x_wconf 80' lang='grc' dir='ltr'><em>μὴ</em></span> <span class='ocrx_word' id='word_1_173' title='bbox 268 2024 479 2098; x_wconf 85' lang='grc' dir='ltr'><strong><em>συγχωροόντων</em></strong></span> <span class='ocrx_word' id='word_1_174' title='bbox 505 2026 597 2082; x_wconf 78' lang='grc' dir='ltr'><strong><em>αὐτῶν</em></strong></span> <span class='ocrx_word' id='word_1_175' title='bbox 621 2027 706 2097; x_wconf 71' lang='lat' dir='ltr'><em>mdiv</em></span> <span class='ocrx_word' id='word_1_176' title='bbox 729 2029 812 2083; x_wconf 72' lang='grc' dir='ltr'><strong><em>πλέον</em></strong></span> <span class='ocrx_word' id='word_1_177' title='bbox 833 2049 860 2081; x_wconf 85' lang='grc' dir='ltr'><em>τι</em></span> <span class='ocrx_word' id='word_1_178' title='bbox 880 2031 927 2082; x_wconf 81' lang='grc' dir='ltr'><em>τοῦ</em></span> <span class='ocrx_word' id='word_1_179' title='bbox 951 2026 1012 2079; x_wconf 87' lang='grc' dir='ltr'><strong><em>διω-</em></strong></span> 
     </span>
     <span class='ocr_line' id='line_1_26' title="bbox 208 2050 1013 2177; baseline 0.001 -32"><span class='ocrx_word' id='word_1_180' title='bbox 208 2098 333 2177; x_wconf 77' lang='grc' dir='ltr'><strong><em>ρισμένου</em></strong></span> <span class='ocrx_word' id='word_1_181' title='bbox 350 2100 447 2165; x_wconf 80' lang='grc' dir='ltr'><strong><em>μέτρου</em></strong></span> <span class='ocrx_word' id='word_1_182' title='bbox 464 2098 497 2168; x_wconf 81' lang='grc' dir='ltr'><em>τῇ</em></span> <span class='ocrx_word' id='word_1_183' title='bbox 515 2093 630 2165; x_wconf 78' lang='grc' dir='ltr'><strong><em>ἡμετέρᾳ</em></strong></span> <span class='ocrx_word' id='word_1_184' title='bbox 641 2050 766 2159; x_wconf 75' lang='grc' dir='ltr'><strong><em>διατάξει</em></strong></span> <span class='ocrx_word' id='word_1_185' title='bbox 783 2095 915 2167; x_wconf 86' lang='grc' dir='ltr'><strong><em>προφάσει</em></strong></span> <span class='ocrx_word' id='word_1_186' title='bbox 932 2114 1013 2165; x_wconf 86' lang='grc' dir='ltr'><strong><em>σπορ-</em></strong></span> 
     </span>
     <span class='ocr_line' id='line_1_27' title="bbox 206 2159 1014 2236; baseline 0.001 -24"><span class='ocrx_word' id='word_1_187' title='bbox 206 2160 312 2213; x_wconf 89' lang='grc' dir='ltr'><strong><em>τουλων</em></strong></span> <span class='ocrx_word' id='word_1_188' title='bbox 337 2164 498 2230; x_wconf 82' lang='grc' dir='ltr'><strong><em>κομίζεσθαι</em></strong></span> <span class='ocrx_word' id='word_1_189' title='bbox 527 2162 596 2231; x_wconf 79' lang='grc' dir='ltr'><strong><em>μηδὲ</em></strong></span> <span class='ocrx_word' id='word_1_190' title='bbox 621 2162 773 2236; x_wconf 71' lang='grc' dir='ltr'><strong><em>διαγραφὴν</em></strong></span> <span class='ocrx_word' id='word_1_191' title='bbox 799 2166 827 2226; x_wconf 73' lang='grc' dir='ltr'><em>ἐξ</em></span> <span class='ocrx_word' id='word_1_192' title='bbox 852 2159 1014 2228; x_wconf 77' lang='grc' dir='ltr'><strong><em>οἱασδήποτε</em></strong></span> 
     </span>
     <span class='ocr_line' id='line_1_28' title="bbox 208 2226 1014 2311; baseline 0 -32"><span class='ocrx_word' id='word_1_193' title='bbox 208 2231 295 2280; x_wconf 77' lang='lat' dir='ltr'><em>ciclos</em></span> <span class='ocrx_word' id='word_1_194' title='bbox 311 2231 342 2280; x_wconf 78' lang='grc' dir='ltr'><em>ἐν</em></span> <span class='ocrx_word' id='word_1_195' title='bbox 359 2236 416 2282; x_wconf 79' lang='lat' dir='ltr'><em>ruis</em></span> <span class='ocrx_word' id='word_1_196' title='bbox 433 2228 544 2283; x_wconf 87' lang='grc' dir='ltr'><strong><em>πόλεσιν</em></strong></span> <span class='ocrx_word' id='word_1_197' title='bbox 561 2232 590 2293; x_wconf 79' lang='grc' dir='ltr'><em>ἐξ</em></span> <span class='ocrx_word' id='word_1_198' title='bbox 612 2230 726 2311; x_wconf 70' lang='grc' dir='ltr'><strong><em>ἀνάγκης</em></strong></span> <span class='ocrx_word' id='word_1_199' title='bbox 746 2233 882 2303; x_wconf 86' lang='grc' dir='ltr'><strong><em>γίνεσθαι,</em></strong></span> <span class='ocrx_word' id='word_1_200' title='bbox 905 2229 976 2294; x_wconf 76' lang='grc' dir='ltr'><strong><em>πλὴν</em></strong></span> <span class='ocrx_word' id='word_1_201' title='bbox 998 2226 1014 2294; x_wconf 81' lang='grc' dir='ltr'><em>ἢ</em></span> 
     </span>
     <span class='ocr_line' id='line_1_29' title="bbox 206 2294 1015 2369; baseline 0 -22"><span class='ocrx_word' id='word_1_202' title='bbox 206 2294 291 2361; x_wconf 87' lang='grc' dir='ltr'><strong><em>μόνον</em></strong></span> <span class='ocrx_word' id='word_1_203' title='bbox 314 2298 424 2349; x_wconf 75' lang='grc' dir='ltr'><strong><em>ἐκείνων</em></strong></span> <span class='ocrx_word' id='word_1_204' title='bbox 446 2300 505 2349; x_wconf 77' lang='grc' dir='ltr'><em>τῶν</em></span> <span class='ocrx_word' id='word_1_205' title='bbox 521 2300 625 2359; x_wconf 81' lang='grc' dir='ltr'><strong><em>αἰτιῶν,</em></strong></span> <span class='ocrx_word' id='word_1_206' title='bbox 648 2298 697 2350; x_wconf 75' lang='lat' dir='ltr'><em>irs²</em></span> <span class='ocrx_word' id='word_1_207' title='bbox 720 2298 845 2369; x_wconf 74' lang='lat' dir='ltr'><em>saepiaris</em></span> <span class='ocrx_word' id='word_1_208' title='bbox 863 2302 1015 2367; x_wconf 75' lang='grc' dir='ltr'><strong><em>ἐμφανίσειε</em></strong></span> 
     </span>
     <span class='ocr_line' id='line_1_30' title="bbox 207 2361 1014 2435; baseline -0.001 -20"><span class='ocrx_word' id='word_1_209' title='bbox 207 2366 265 2415; x_wconf 75' lang='grc' dir='ltr'><em>τῶν</em></span> <span class='ocrx_word' id='word_1_210' title='bbox 283 2367 453 2435; x_wconf 81' lang='grc' dir='ltr'><strong><em>προαγωγῶν</em></strong></span> <span class='ocrx_word' id='word_1_211' title='bbox 470 2369 514 2416; x_wconf 84' lang='grc' dir='ltr'><em>καί</em></span> <span class='ocrx_word' id='word_1_212' title='bbox 531 2368 589 2418; x_wconf 75' lang='grc' dir='ltr'><em>τῶν</em></span> <span class='ocrx_word' id='word_1_213' title='bbox 606 2363 756 2427; x_wconf 80' lang='grc' dir='ltr'><strong><em>διατάξεων</em></strong></span> <span class='ocrx_word' id='word_1_214' title='bbox 773 2371 817 2417; x_wconf 82' lang='grc' dir='ltr'><em>καί</em></span> <span class='ocrx_word' id='word_1_215' title='bbox 837 2367 923 2417; x_wconf 80' lang='grc' dir='ltr'><strong><em>θείων</em></strong></span> <span class='ocrx_word' id='word_1_216' title='bbox 940 2361 956 2430; x_wconf 90' lang='grc' dir='ltr'><em>ἢ</em></span> <span class='ocrx_word' id='word_1_217' title='bbox 973 2383 1014 2434; x_wconf 86' lang='grc' dir='ltr'><em>γε·</em></span> 
     </span>
     <span class='ocr_line' id='line_1_31' title="bbox 207 2429 1014 2505; baseline -0.001 -24"><span class='ocrx_word' id='word_1_218' title='bbox 207 2431 293 2482; x_wconf 87' lang='grc' dir='ltr'><strong><em>νικῶν</em></strong></span> <span class='ocrx_word' id='word_1_219' title='bbox 317 2439 551 2503; x_wconf 87' lang='grc' dir='ltr'><strong><em>κομμωνιτωρίων</em></strong></span> <span class='ocrx_word' id='word_1_220' title='bbox 574 2430 591 2498; x_wconf 84' lang='grc' dir='ltr'><em>ἢ</em></span> <span class='ocrx_word' id='word_1_221' title='bbox 616 2434 713 2487; x_wconf 80' lang='grc' dir='ltr'><strong><em>τύπτον</em></strong></span> <span class='ocrx_word' id='word_1_222' title='bbox 739 2429 755 2498; x_wconf 85' lang='grc' dir='ltr'><em>ἢ</em></span> <span class='ocrx_word' id='word_1_223' title='bbox 780 2430 948 2505; x_wconf 82' lang='grc' dir='ltr'><strong><em>γραμμάτων</em></strong></span> <span class='ocrx_word' id='word_1_224' title='bbox 970 2435 1014 2482; x_wconf 85' lang='grc' dir='ltr'><em>καί</em></span> 
     </span>
     <span class='ocr_line' id='line_1_32' title="bbox 207 2489 1015 2571; baseline -0.001 -22"><span class='ocrx_word' id='word_1_225' title='bbox 207 2500 266 2549; x_wconf 78' lang='grc' dir='ltr'><em>τῶν</em></span> <span class='ocrx_word' id='word_1_226' title='bbox 283 2498 572 2562; x_wconf 60' lang='lat' dir='ltr'><em>animumanimum,</em></span> <span class='ocrx_word' id='word_1_227' title='bbox 594 2506 655 2571; x_wconf 81' lang='grc' dir='ltr'><strong><em>περὶ</em></strong></span> <span class='ocrx_word' id='word_1_228' title='bbox 675 2489 715 2552; x_wconf 80' lang='grc' dir='ltr'><em>ὧν</em></span> <span class='ocrx_word' id='word_1_229' title='bbox 732 2504 763 2551; x_wconf 79' lang='grc' dir='ltr'><em>ἐν</em></span> <span class='ocrx_word' id='word_1_230' title='bbox 779 2506 835 2553; x_wconf 73' lang='grc' dir='ltr'><strong><em>τοῖς</em></strong></span> <span class='ocrx_word' id='word_1_231' title='bbox 857 2499 1015 2568; x_wconf 76' lang='grc' dir='ltr'><strong><em>ἔμπροσθεν</em></strong></span> 
     </span>
     <span class='ocr_line' id='line_1_33' title="bbox 209 2562 1015 2639; baseline 0.001 -25"><span class='ocrx_word' id='word_1_232' title='bbox 209 2562 447 2632; x_wconf 74' lang='grc' dir='ltr'><strong><em>ἐνομοθετήσαμεν</em></strong></span> <span class='ocrx_word' id='word_1_233' title='bbox 472 2572 517 2619; x_wconf 80' lang='grc' dir='ltr'><em>καί</em></span> <span class='ocrx_word' id='word_1_234' title='bbox 542 2563 612 2639; x_wconf 82' lang='grc' dir='ltr'><strong><em>άπερ</em></strong></span> <span class='ocrx_word' id='word_1_235' title='bbox 637 2564 672 2619; x_wconf 79' lang='grc' dir='ltr'><em>ἂν</em></span> <span class='ocrx_word' id='word_1_236' title='bbox 696 2565 765 2639; x_wconf 69' lang='grc' dir='ltr'><strong><em>ὑπὲρ</em></strong></span> <span class='ocrx_word' id='word_1_237' title='bbox 792 2565 861 2620; x_wconf 75' lang='grc' dir='ltr'><strong><em>ἰδίας</em></strong></span> <span class='ocrx_word' id='word_1_238' title='bbox 887 2564 1015 2637; x_wconf 72' lang='grc' dir='ltr'><strong><em>ὠφελείας</em></strong></span> 
     </span>
     <span class='ocr_line' id='line_1_34' title="bbox 208 2633 1014 2705; baseline 0.004 -23"><span class='ocrx_word' id='word_1_239' title='bbox 208 2636 251 2683; x_wconf 83' lang='grc' dir='ltr'><em>καί</em></span> <span class='ocrx_word' id='word_1_240' title='bbox 270 2637 403 2705; x_wconf 71' lang='grc' dir='ltr'><strong><em>σωτηρίας</em></strong></span> <span class='ocrx_word' id='word_1_241' title='bbox 420 2633 447 2684; x_wconf 88' lang='grc' dir='ltr'><em>οἱ</em></span> <span class='ocrx_word' id='word_1_242' title='bbox 462 2636 508 2699; x_wconf 73' lang='grc' dir='ltr'><em>τῆς</em></span> <span class='ocrx_word' id='word_1_243' title='bbox 525 2633 627 2688; x_wconf 72' lang='grc' dir='ltr'><strong><em>πόλεως</em></strong></span> <span class='ocrx_word' id='word_1_244' title='bbox 646 2634 807 2701; x_wconf 80' lang='grc' dir='ltr'><strong><em>βουληθεῖεν</em></strong></span> <span class='ocrx_word' id='word_1_245' title='bbox 825 2637 861 2687; x_wconf 88' lang='lat' dir='ltr'><em>eis</em></span> <span class='ocrx_word' id='word_1_246' title='bbox 884 2637 949 2705; x_wconf 73' lang='grc' dir='ltr'><strong><em>ἔργα</em></strong></span> <span class='ocrx_word' id='word_1_247' title='bbox 966 2651 1014 2686; x_wconf 86' lang='grc' dir='ltr'><em>πο·</em></span> 
     </span>
     <span class='ocr_line' id='line_1_35' title="bbox 209 2696 1015 2773; baseline 0 -23"><span class='ocrx_word' id='word_1_248' title='bbox 209 2698 295 2751; x_wconf 84' lang='grc' dir='ltr'><strong><em>λιτικοὶ</em></strong></span> <span class='ocrx_word' id='word_1_249' title='bbox 311 2699 392 2765; x_wconf 80' lang='grc' dir='ltr'><strong><em>τυχόν</em></strong></span> <span class='ocrx_word' id='word_1_250' title='bbox 409 2696 425 2765; x_wconf 84' lang='grc' dir='ltr'><em>ἢ</em></span> <span class='ocrx_word' id='word_1_251' title='bbox 442 2703 478 2753; x_wconf 82' lang='lat' dir='ltr'><em>eis</em></span> <span class='ocrx_word' id='word_1_252' title='bbox 495 2708 627 2754; x_wconf 85' lang='grc' dir='ltr'><strong><em>σιτωνίαν</em></strong></span> <span class='ocrx_word' id='word_1_253' title='bbox 644 2700 661 2768; x_wconf 77' lang='grc' dir='ltr'><strong><em>ἢ</em></strong></span> <span class='ocrx_word' id='word_1_254' title='bbox 678 2704 713 2754; x_wconf 85' lang='lat' dir='ltr'><em>sis</em></span> <span class='ocrx_word' id='word_1_255' title='bbox 736 2704 831 2773; x_wconf 81' lang='grc' dir='ltr'><strong><em>ἑτέραν</em></strong></span> <span class='ocrx_word' id='word_1_256' title='bbox 851 2701 1015 2771; x_wconf 82' lang='grc' dir='ltr'><strong><em>ἀρέσκουσαν</em></strong></span> 
     </span>
     <span class='ocr_line' id='line_1_36' title="bbox 207 2754 1015 2839; baseline -0.001 -21"><span class='ocrx_word' id='word_1_257' title='bbox 207 2762 310 2818; x_wconf 79' lang='grc' dir='ltr'><strong><em>ἅπασιν</em></strong></span> <span class='ocrx_word' id='word_1_258' title='bbox 334 2768 425 2819; x_wconf 78' lang='grc' dir='ltr'><strong><em>αἰτίαν</em></strong></span> <span class='ocrx_word' id='word_1_259' title='bbox 448 2768 517 2821; x_wconf 76' lang='grc' dir='ltr'><strong><em>κατὰ</em></strong></span> <span class='ocrx_word' id='word_1_260' title='bbox 541 2768 698 2839; x_wconf 78' lang='grc' dir='ltr'><strong><em>φιλοτιμίαν</em></strong></span> <span class='ocrx_word' id='word_1_261' title='bbox 720 2768 900 2835; x_wconf 75' lang='grc' dir='ltr'><strong><em>ποιήσασθαι,</em></strong></span> <span class='ocrx_word' id='word_1_262' title='bbox 923 2768 951 2830; x_wconf 78' lang='grc' dir='ltr'><em>ἐξ</em></span> <span class='ocrx_word' id='word_1_263' title='bbox 975 2754 1015 2819; x_wconf 80' lang='grc' dir='ltr'><em>ὧν</em></span> 
     </span>
     <span class='ocr_line' id='line_1_37' title="bbox 208 2820 1015 2911; baseline 0.001 -27"><span class='ocrx_word' id='word_1_264' title='bbox 208 2831 348 2885; x_wconf 78' lang='grc' dir='ltr'><strong><em>τὸκοινόν</em></strong></span> <span class='ocrx_word' id='word_1_265' title='bbox 368 2836 414 2899; x_wconf 69' lang='grc' dir='ltr'><em>τῆς</em></span> <span class='ocrx_word' id='word_1_266' title='bbox 436 2834 538 2888; x_wconf 71' lang='grc' dir='ltr'><strong><em>πόλεως</em></strong></span> <span class='ocrx_word' id='word_1_267' title='bbox 562 2820 780 2907; x_wconf 70' lang='grc' dir='ltr'><strong><em>ὠφεληθήσεται·</em></strong></span> <span class='ocrx_word' id='word_1_268' title='bbox 806 2836 1015 2911; x_wconf 76' lang='grc' dir='ltr'><strong><em>φυλαττομένων</em></strong></span> 
     </span>
     <span class='ocr_line' id='line_1_38' title="bbox 208 2901 1015 2973; baseline 0.004 -22"><span class='ocrx_word' id='word_1_269' title='bbox 208 2901 277 2952; x_wconf 80' lang='grc' dir='ltr'><strong><em>κατὰ</em></strong></span> <span class='ocrx_word' id='word_1_270' title='bbox 297 2902 357 2954; x_wconf 77' lang='grc' dir='ltr'><em>τῶν</em></span> <span class='ocrx_word' id='word_1_271' title='bbox 378 2908 560 2970; x_wconf 77' lang='grc' dir='ltr'><strong><em>παραβαίνειν</em></strong></span> <span class='ocrx_word' id='word_1_272' title='bbox 582 2906 669 2956; x_wconf 84' lang='grc' dir='ltr'><strong><em>ταῦτα</em></strong></span> <span class='ocrx_word' id='word_1_273' title='bbox 687 2903 896 2973; x_wconf 74' lang='grc' dir='ltr'><strong><em>ἐπιχειρούντων</em></strong></span> <span class='ocrx_word' id='word_1_274' title='bbox 916 2907 962 2955; x_wconf 81' lang='grc' dir='ltr'><em>καί</em></span> <span class='ocrx_word' id='word_1_275' title='bbox 978 2920 1015 2968; x_wconf 89' lang='grc' dir='ltr'><em>μη</em></span> 
     </span>
     <span class='ocr_line' id='line_1_39' title="bbox 208 2964 1015 3040; baseline 0 -21"><span class='ocrx_word' id='word_1_276' title='bbox 208 2970 244 3019; x_wconf 82' lang='lat' dir='ltr'><em>eit</em></span> <span class='ocrx_word' id='word_1_277' title='bbox 261 2964 328 3034; x_wconf 72' lang='grc' dir='ltr'><strong><em>ἡμας</em></strong></span> <span class='ocrx_word' id='word_1_278' title='bbox 344 2966 469 3040; x_wconf 74' lang='grc' dir='ltr'><strong><em>ἀγόντων</em></strong></span> <span class='ocrx_word' id='word_1_279' title='bbox 482 2969 702 3040; x_wconf 84' lang='grc' dir='ltr'><strong><em>θεοφιλεστάτων</em></strong></span> <span class='ocrx_word' id='word_1_280' title='bbox 715 2970 873 3024; x_wconf 77' lang='grc' dir='ltr'><strong><em>ἐπισκόπων</em></strong></span> <span class='ocrx_word' id='word_1_281' title='bbox 889 2971 949 3023; x_wconf 82' lang='grc' dir='ltr'><em>τῶν</em></span> <span class='ocrx_word' id='word_1_282' title='bbox 965 2966 1015 3035; x_wconf 80' lang='grc' dir='ltr'><strong><em>ἢδη</em></strong></span> 
     </span>
     <span class='ocr_line' id='line_1_40' title="bbox 211 3032 1014 3107; baseline -0.002 -19"><span class='ocrx_word' id='word_1_283' title='bbox 211 3040 241 3088; x_wconf 83' lang='lat'><em>16</em></span> <span class='ocrx_word' id='word_1_284' title='bbox 260 3041 296 3095; x_wconf 70' lang='grc' dir='ltr'><em>(ὃ)</em></span> <span class='ocrx_word' id='word_1_285' title='bbox 331 3032 397 3103; x_wconf 77' lang='grc' dir='ltr'><strong><em>παρ’</em></strong></span> <span class='ocrx_word' id='word_1_286' title='bbox 416 3033 495 3102; x_wconf 82' lang='grc' dir='ltr'><strong><em>ἡμῶν</em></strong></span> <span class='ocrx_word' id='word_1_287' title='bbox 512 3034 704 3105; x_wconf 78' lang='grc' dir='ltr'><strong><em>ἦπειλημένων.</em></strong></span> <span class='ocrx_word' id='word_1_288' title='bbox 740 3042 787 3089; x_wconf 75' lang='grc' dir='ltr'><em>Δεῖ</em></span> <span class='ocrx_word' id='word_1_289' title='bbox 808 3035 838 3089; x_wconf 76' lang='grc' dir='ltr'><em>δὲ</em></span> <span class='ocrx_word' id='word_1_290' title='bbox 854 3037 903 3090; x_wconf 85' lang='grc' dir='ltr'><em>τὸν</em></span> <span class='ocrx_word' id='word_1_291' title='bbox 919 3038 1014 3107; x_wconf 84' lang='grc' dir='ltr'><strong><em>θεοφι·</em></strong></span> 
     </span>
     <span class='ocr_line' id='line_1_41' title="bbox 209 3101 1014 3172; baseline 0.002 -19"><span class='ocrx_word' id='word_1_292' title='bbox 209 3101 340 3153; x_wconf 76' lang='grc' dir='ltr'><strong><em>λέστατον</em></strong></span> <span class='ocrx_word' id='word_1_293' title='bbox 369 3105 518 3157; x_wconf 74' lang='grc' dir='ltr'><strong><em>ἐπίσκοπον</em></strong></span> <span class='ocrx_word' id='word_1_294' title='bbox 549 3102 659 3172; x_wconf 81' lang='grc' dir='ltr'><strong><em>ίκάστηε</em></strong></span> <span class='ocrx_word' id='word_1_295' title='bbox 690 3103 793 3157; x_wconf 64' lang='grc' dir='ltr'><strong><em>πόλεως</em></strong></span> <span class='ocrx_word' id='word_1_296' title='bbox 820 3104 912 3157; x_wconf 84' lang='grc' dir='ltr'><strong><em>πάντα</em></strong></span> <span class='ocrx_word' id='word_1_297' title='bbox 936 3101 1014 3164; x_wconf 85' lang='grc' dir='ltr'><strong><em>γινιό·</em></strong></span> 
     </span>
     <span class='ocr_line' id='line_1_42' title="bbox 208 3166 1015 3243; baseline 0 -23"><span class='ocrx_word' id='word_1_298' title='bbox 208 3186 309 3221; x_wconf 86' lang='grc' dir='ltr'><strong><em>σκσντα</em></strong></span> <span class='ocrx_word' id='word_1_299' title='bbox 325 3168 360 3221; x_wconf 81' lang='grc' dir='ltr'><em>τὰ</em></span> <span class='ocrx_word' id='word_1_300' title='bbox 377 3166 443 3241; x_wconf 60' lang='grc' dir='ltr'><strong><em>παρ)</em></strong></span> <span class='ocrx_word' id='word_1_301' title='bbox 462 3167 539 3239; x_wconf 80' lang='grc' dir='ltr'><strong><em>ἡμῶν</em></strong></span> <span class='ocrx_word' id='word_1_302' title='bbox 556 3174 602 3224; x_wconf 78' lang='grc' dir='ltr'><em>ἐπὶ</em></span> <span class='ocrx_word' id='word_1_303' title='bbox 624 3170 728 3225; x_wconf 73' lang='grc' dir='ltr'><strong><em>τοίντοισ</em></strong></span> <span class='ocrx_word' id='word_1_304' title='bbox 752 3171 947 3243; x_wconf 75' lang='grc' dir='ltr'><strong><em>διατεταγμένα</em></strong></span> <span class='ocrx_word' id='word_1_305' title='bbox 971 3173 1015 3222; x_wconf 84' lang='grc' dir='ltr'><em>καί</em></span> 
     </span>
     <span class='ocr_line' id='line_1_43' title="bbox 208 3232 1014 3308; baseline 0.005 -22"><span class='ocrx_word' id='word_1_306' title='bbox 208 3236 240 3304; x_wconf 73' lang='grc' dir='ltr'><em>μ’</em></span> <span class='ocrx_word' id='word_1_307' title='bbox 279 3237 342 3287; x_wconf 42' lang='grc' dir='ltr'><strong><em>καὶὸ</em></strong></span> <span class='ocrx_word' id='word_1_308' title='bbox 359 3232 560 3308; x_wconf 79' lang='grc' dir='ltr'><strong><em>ἀπαργιρισμοῦ</em></strong></span> <span class='ocrx_word' id='word_1_309' title='bbox 576 3238 706 3306; x_wconf 82' lang='grc' dir='ltr'><strong><em>μητάτων</em></strong></span> <span class='ocrx_word' id='word_1_310' title='bbox 727 3244 772 3290; x_wconf 86' lang='grc' dir='ltr'><em>καί</em></span> <span class='ocrx_word' id='word_1_311' title='bbox 793 3238 933 3290; x_wconf 79' lang='grc' dir='ltr'><strong><em>κωλόσεωε</em></strong></span> <span class='ocrx_word' id='word_1_312' title='bbox 949 3236 1014 3306; x_wconf 80' lang='grc' dir='ltr'><strong><em>ἀφο-</em></strong></span> 
     </span>
     <span class='ocr_line' id='line_1_44' title="bbox 209 3256 1016 3378; baseline 0 -22"><span class='ocrx_word' id='word_1_313' title='bbox 209 3256 335 3370; x_wconf 70' lang='grc' dir='ltr'><strong><em>πλίσμῶν</em></strong></span> <span class='ocrx_word' id='word_1_314' title='bbox 356 3309 401 3355; x_wconf 83' lang='grc' dir='ltr'><em>καί</em></span> <span class='ocrx_word' id='word_1_315' title='bbox 424 3305 538 3367; x_wconf 80' lang='grc' dir='ltr'><strong><em>τούτων,</em></strong></span> <span class='ocrx_word' id='word_1_316' title='bbox 561 3301 613 3358; x_wconf 77' lang='grc' dir='ltr'><em>ὅσα</em></span> <span class='ocrx_word' id='word_1_317' title='bbox 635 3310 785 3377; x_wconf 72' lang='grc' dir='ltr'><strong><em>περιέχεται</em></strong></span> <span class='ocrx_word' id='word_1_318' title='bbox 802 3309 836 3378; x_wconf 75' lang='grc' dir='ltr'><em>τῇ</em></span> <span class='ocrx_word' id='word_1_319' title='bbox 854 3307 921 3371; x_wconf 83' lang='grc' dir='ltr'><strong><em>θείᾳ</em></strong></span> <span class='ocrx_word' id='word_1_320' title='bbox 938 3303 1016 3372; x_wconf 81' lang='grc' dir='ltr'><strong><em>ἡμῶν</em></strong></span> 
     </span>
     <span class='ocr_line' id='line_1_45' title="bbox 209 3369 1015 3445; baseline 0.002 -24"><span class='ocrx_word' id='word_1_321' title='bbox 209 3369 347 3432; x_wconf 69' lang='grc' dir='ltr'><em>διατάξειι</em></span> <span class='ocrx_word' id='word_1_322' title='bbox 370 3373 403 3437; x_wconf 80' lang='grc' dir='ltr'><em>τη</em></span> <span class='ocrx_word' id='word_1_323' title='bbox 427 3376 488 3443; x_wconf 84' lang='grc' dir='ltr'><strong><em>περὶ</em></strong></span> <span class='ocrx_word' id='word_1_324' title='bbox 504 3369 611 3425; x_wconf 86' lang='grc' dir='ltr'><strong><em>τοότων</em></strong></span> <span class='ocrx_word' id='word_1_325' title='bbox 628 3376 658 3425; x_wconf 75' lang='grc' dir='ltr'><em>ἐν</em></span> <span class='ocrx_word' id='word_1_326' title='bbox 675 3376 758 3440; x_wconf 73' lang='grc' dir='ltr'><strong><em>κοινιρ</em></strong></span> <span class='ocrx_word' id='word_1_327' title='bbox 775 3379 952 3445; x_wconf 76' lang='grc' dir='ltr'><strong><em>γεγραμμένη,</em></strong></span> <span class='ocrx_word' id='word_1_328' title='bbox 970 3376 1015 3426; x_wconf 83' lang='grc' dir='ltr'><em>πί-</em></span> 
     </span>
     <span class='ocr_line' id='line_1_46' title="bbox 209 3426 1016 3511; baseline 0.005 -24"><span class='ocrx_word' id='word_1_329' title='bbox 209 3454 256 3510; x_wconf 77' lang='grc' dir='ltr'><em>ραε</em></span> <span class='ocrx_word' id='word_1_330' title='bbox 282 3426 438 3489; x_wconf 70' lang='grc' dir='ltr'><strong><em>ίπιτιθίναι</em></strong></span> <span class='ocrx_word' id='word_1_331' title='bbox 464 3442 607 3511; x_wconf 79' lang='grc' dir='ltr'><strong><em>προσηκον.</em></strong></span> <span class='ocrx_word' id='word_1_332' title='bbox 648 3439 681 3494; x_wconf 82' lang='grc' dir='ltr'><em>Ι),</em></span> <span class='ocrx_word' id='word_1_333' title='bbox 711 3452 768 3493; x_wconf 80' lang='lat' dir='ltr'><em>Vll!</em></span> <span class='ocrx_word' id='word_1_334' title='bbox 786 3439 813 3494; x_wconf 80' lang='grc' dir='ltr'><em>λ’,</em></span> <span class='ocrx_word' id='word_1_335' title='bbox 833 3440 885 3493; x_wconf 83' lang='lat' dir='ltr'><em>Iul.</em></span> <span class='ocrx_word' id='word_1_336' title='bbox 907 3426 1016 3494; x_wconf 63' lang='lat' dir='ltr'><em>(situlos-</em></span> 
     </span>
     <span class='ocr_line' id='line_1_47' title="bbox 209 3504 1015 3576; baseline 0.002 -19"><span class='ocrx_word' id='word_1_337' title='bbox 209 3505 280 3558; x_wconf 85' lang='lat' dir='ltr'><em>elone</em></span> <span class='ocrx_word' id='word_1_338' title='bbox 297 3504 449 3575; x_wconf 78' lang='lat' dir='ltr'><strong><em>Lampadio</em></strong></span> <span class='ocrx_word' id='word_1_339' title='bbox 467 3518 494 3560; x_wconf 90' lang='lat' dir='ltr'><em>et</em></span> <span class='ocrx_word' id='word_1_340' title='bbox 512 3506 604 3561; x_wconf 81' lang='lat' dir='ltr'><em>Oreste</em></span> <span class='ocrx_word' id='word_1_341' title='bbox 622 3524 660 3563; x_wconf 87' lang='lat' dir='ltr'><em>ao.</em></span> <span class='ocrx_word' id='word_1_342' title='bbox 679 3523 716 3561; x_wconf 87' lang='lat' dir='ltr'><em>cc.</em></span> <span class='ocrx_word' id='word_1_343' title='bbox 735 3524 821 3560; x_wconf 82' lang='lat' dir='ltr'><em>cortss.</em></span> <span class='ocrx_word' id='word_1_344' title='bbox 896 3506 933 3576; x_wconf 90' lang='grc' dir='ltr'><strong><em>[ιι.</em></strong></span> <span class='ocrx_word' id='word_1_345' title='bbox 953 3506 1015 3574; x_wconf 82' lang='grc'>530]</span> 
     </span>
    </p>

    <p class='ocr_par' dir='ltr' id='par_1_3' title="bbox 208 3566 1016 3844">
     <span class='ocr_line' id='line_1_48' title="bbox 242 3566 1015 3645; baseline 0 -19"><span class='ocrx_word' id='word_1_346' title='bbox 242 3566 282 3626; x_wconf 80' lang='lat'><em>27</em></span> <span class='ocrx_word' id='word_1_347' title='bbox 303 3570 389 3625; x_wconf 69' lang='lat' dir='ltr'><em>‘litero</em></span> <span class='ocrx_word' id='word_1_348' title='bbox 407 3574 437 3626; x_wconf 73' lang='lat' dir='ltr'><em>el.</em></span> <span class='ocrx_word' id='word_1_349' title='bbox 458 3570 567 3626; x_wconf 83' lang='lat' dir='ltr'><em>Irrliono</em></span> <span class='ocrx_word' id='word_1_350' title='bbox 582 3591 630 3645; x_wconf 86' lang='lat' dir='ltr'><em>pp.</em></span> <span class='ocrx_word' id='word_1_351' title='bbox 671 3575 712 3628; x_wconf 90' lang='lat' dir='ltr'><em>De</em></span> <span class='ocrx_word' id='word_1_352' title='bbox 735 3574 914 3628; x_wconf 76' lang='lat' dir='ltr'><strong>creationibus</strong></span> <span class='ocrx_word' id='word_1_353' title='bbox 938 3589 1015 3628; x_wconf 90' lang='lat' dir='ltr'><em>cura-</em></span> 
     </span>
     <span class='ocr_line' id='line_1_49' title="bbox 208 3639 1016 3709; baseline 0.001 -16"><span class='ocrx_word' id='word_1_354' title='bbox 208 3644 309 3703; x_wconf 88' lang='lat' dir='ltr'><em>torum,</em></span> <span class='ocrx_word' id='word_1_355' title='bbox 334 3639 378 3706; x_wconf 89' lang='lat' dir='ltr'><em>qni</em></span> <span class='ocrx_word' id='word_1_356' title='bbox 401 3640 509 3693; x_wconf 87' lang='lat' dir='ltr'><strong>furiosis</strong></span> <span class='ocrx_word' id='word_1_357' title='bbox 527 3640 665 3709; x_wconf 88' lang='lat' dir='ltr'><em>utriusque</em></span> <span class='ocrx_word' id='word_1_358' title='bbox 683 3656 762 3695; x_wconf 87' lang='lat' dir='ltr'><em>sexus</em></span> <span class='ocrx_word' id='word_1_359' title='bbox 780 3640 885 3705; x_wconf 88' lang='lat' dir='ltr'><em>dantur,</em></span> <span class='ocrx_word' id='word_1_360' title='bbox 907 3656 1016 3696; x_wconf 87' lang='lat' dir='ltr'><em>necesse</em></span> 
     </span>
     <span class='ocr_line' id='line_1_50' title="bbox 209 3705 1014 3789; baseline 0.002 -30"><span class='ocrx_word' id='word_1_361' title='bbox 209 3706 286 3759; x_wconf 87' lang='lat' dir='ltr'><em>nobis</em></span> <span class='ocrx_word' id='word_1_362' title='bbox 304 3705 387 3759; x_wconf 86' lang='lat' dir='ltr'><em>visum</em></span> <span class='ocrx_word' id='word_1_363' title='bbox 405 3714 446 3759; x_wconf 93' lang='lat' dir='ltr'><em>est</em></span> <span class='ocrx_word' id='word_1_364' title='bbox 464 3708 638 3773; x_wconf 88' lang='lat' dir='ltr'><em>constituere,</em></span> <span class='ocrx_word' id='word_1_365' title='bbox 663 3707 883 3789; x_wconf 81' lang='lat' dir='ltr'><em>qriemadmodum</em></span> <span class='ocrx_word' id='word_1_366' title='bbox 906 3724 951 3763; x_wconf 85' lang='lat' dir='ltr'><em>eas</em></span> <span class='ocrx_word' id='word_1_367' title='bbox 972 3724 1014 3761; x_wconf 88' lang='lat' dir='ltr'><em>ce-</em></span> 
     </span>
     <span class='ocr_line' id='line_1_51' title="bbox 211 3773 1016 3844; baseline 0.002 -18"><span class='ocrx_word' id='word_1_368' title='bbox 211 3778 223 3825; x_wconf 90' lang='lat'>1</span> <span class='ocrx_word' id='word_1_369' title='bbox 259 3773 358 3827; x_wconf 84' lang='lat' dir='ltr'><em>lebrari</em></span> <span class='ocrx_word' id='word_1_370' title='bbox 378 3780 490 3842; x_wconf 80' lang='lat' dir='ltr'>oportet.</span> <span class='ocrx_word' id='word_1_371' title='bbox 531 3775 613 3829; x_wconf 83' lang='lat' dir='ltr'><em>Etsi</em></span> <span class='ocrx_word' id='word_1_372' title='bbox 636 3775 741 3843; x_wconf 84' lang='lat' dir='ltr'><em>quidem</em></span> <span class='ocrx_word' id='word_1_373' title='bbox 761 3782 839 3844; x_wconf 89' lang='lat' dir='ltr'><em>pater</em></span> <span class='ocrx_word' id='word_1_374' title='bbox 866 3782 1016 3830; x_wconf 78' lang='lat' dir='ltr'><strong>curatorem</strong></span> 
     </span>
    </p>
   </div>
   <div class='ocr_carea' id='block_1_3' title="bbox 208 3940 1015 4214">
    <p class='ocr_par' dir='ltr' id='par_1_4' title="bbox 208 3940 1015 4214">
     <span class='ocr_line' id='line_1_52' title="bbox 209 3940 1015 4006; baseline 0.005 -13"><span class='ocrx_word' id='word_1_375' title='bbox 209 3940 240 4006; x_wconf 86' lang='lat' dir='ltr'><em>(r)</em></span> <span class='ocrx_word' id='word_1_376' title='bbox 260 3948 272 4001; x_wconf 77' lang='lat' dir='ltr'><em>t</em></span> <span class='ocrx_word' id='word_1_377' title='bbox 291 3953 315 3993; x_wconf 83' lang='lat' dir='ltr'><em>rs</em></span> <span class='ocrx_word' id='word_1_378' title='bbox 337 3966 373 3987; x_wconf 82' lang='lat'><em>==</em></span> <span class='ocrx_word' id='word_1_379' title='bbox 389 3955 421 4004; x_wconf 84' lang='lat' dir='ltr'><em>rr,</em></span> <span class='ocrx_word' id='word_1_380' title='bbox 440 3951 478 4003; x_wconf 82' lang='grc' dir='ltr'><strong><em>ω,</em></strong></span> <span class='ocrx_word' id='word_1_381' title='bbox 497 3956 511 3996; x_wconf 84' lang='lat' dir='ltr'><em>n</em></span> <span class='ocrx_word' id='word_1_382' title='bbox 588 3947 620 4003; x_wconf 81' lang='lat' dir='ltr'><em>(rt</em></span> <span class='ocrx_word' id='word_1_383' title='bbox 638 3944 697 3995; x_wconf 82' lang='grc' dir='ltr'><em>τῶν</em></span> <span class='ocrx_word' id='word_1_384' title='bbox 714 3944 812 3996; x_wconf 79' lang='grc' dir='ltr'><strong><em>αἰτιῶν</em></strong></span> <span class='ocrx_word' id='word_1_385' title='bbox 829 3946 888 3997; x_wconf 78' lang='grc' dir='ltr'><em>τῶν</em></span> <span class='ocrx_word' id='word_1_386' title='bbox 904 3948 1015 3998; x_wconf 68' lang='lat' dir='ltr'><em>Hester</em></span> 
     </span>
     <span class='ocr_line' id='line_1_53' title="bbox 210 4012 1015 4078; baseline 0.006 -19"><span class='ocrx_word' id='word_1_387' title='bbox 210 4012 243 4071; x_wconf 77' lang='lat' dir='ltr'><em>re)</em></span> <span class='ocrx_word' id='word_1_388' title='bbox 262 4012 327 4078; x_wconf 80' lang='grc' dir='ltr'><strong><em>περί</em></strong></span> <span class='ocrx_word' id='word_1_389' title='bbox 343 4013 388 4061; x_wconf 76' lang='grc' dir='ltr'><em>αι.</em></span> <span class='ocrx_word' id='word_1_390' title='bbox 450 4016 604 4074; x_wconf 70' lang='lat' dir='ltr'><em>(stratura</em></span> <span class='ocrx_word' id='word_1_391' title='bbox 665 4017 846 4077; x_wconf 78' lang='lat' dir='ltr'><em>ts)=s,ro,r</em></span> <span class='ocrx_word' id='word_1_392' title='bbox 911 4018 945 4077; x_wconf 79' lang='lat' dir='ltr'><em>(o)</em></span> <span class='ocrx_word' id='word_1_393' title='bbox 964 4014 1015 4063; x_wconf 86' lang='lat' dir='ltr'><em>cdi-</em></span> 
     </span>
     <span class='ocr_line' id='line_1_54' title="bbox 208 4078 1014 4146; baseline 0.007 -21"><span class='ocrx_word' id='word_1_394' title='bbox 208 4080 249 4125; x_wconf 86' lang='lat' dir='ltr'><em>nat</em></span> <span class='ocrx_word' id='word_1_395' title='bbox 270 4078 286 4127; x_wconf 89' lang='lat' dir='ltr'><em>l.</em></span> <span class='ocrx_word' id='word_1_396' title='bbox 307 4096 367 4144; x_wconf 73' lang='lat' dir='ltr'><em>pem.</em></span> <span class='ocrx_word' id='word_1_397' title='bbox 453 4081 486 4140; x_wconf 76' lang='lat' dir='ltr'><em>(t)</em></span> <span class='ocrx_word' id='word_1_398' title='bbox 508 4084 533 4129; x_wconf 82' lang='lat' dir='ltr'><em>et</em></span> <span class='ocrx_word' id='word_1_399' title='bbox 556 4082 601 4130; x_wconf 83' lang='lat' dir='ltr'><em>ins.</em></span> <span class='ocrx_word' id='word_1_400' title='bbox 626 4081 641 4130; x_wconf 81' lang='lat' dir='ltr'><em>L</em></span> <span class='ocrx_word' id='word_1_401' title='bbox 663 4100 723 4146; x_wconf 76' lang='lat' dir='ltr'><em>pem.</em></span> <span class='ocrx_word' id='word_1_402' title='bbox 809 4085 843 4141; x_wconf 74' lang='lat'><em>(8)</em></span> <span class='ocrx_word' id='word_1_403' title='bbox 860 4106 893 4127; x_wconf 65' lang='grc' dir='ltr'><em>ιι</em></span> <span class='ocrx_word' id='word_1_404' title='bbox 911 4095 932 4145; x_wconf 79' lang='lat' dir='ltr'><em>b,</em></span> <span class='ocrx_word' id='word_1_405' title='bbox 950 4094 970 4139; x_wconf 81' lang='lat'><em>⁴.</em></span> <span class='ocrx_word' id='word_1_406' title='bbox 988 4092 1014 4132; x_wconf 78' lang='lat' dir='ltr'><em>‘tt</em></span> 
     </span>
     <span class='ocr_line' id='line_1_55' title="bbox 209 4144 1015 4214; baseline 0.002 -19"><span class='ocrx_word' id='word_1_407' title='bbox 209 4146 243 4205; x_wconf 78' lang='lat' dir='ltr'><em>(t)</em></span> <span class='ocrx_word' id='word_1_408' title='bbox 261 4158 324 4208; x_wconf 86' lang='lat' dir='ltr'><em>pora.</em></span> <span class='ocrx_word' id='word_1_409' title='bbox 343 4160 417 4208; x_wconf 87' lang='lat' dir='ltr'><em>qnam</em></span> <span class='ocrx_word' id='word_1_410' title='bbox 434 4146 499 4195; x_wconf 91' lang='lat' dir='ltr'><em>mod.</em></span> <span class='ocrx_word' id='word_1_411' title='bbox 535 4144 572 4195; x_wconf 77' lang='lat'><em>1²¹&gt;</em></span> <span class='ocrx_word' id='word_1_412' title='bbox 590 4165 641 4197; x_wconf 87' lang='lat' dir='ltr'><em>eum</em></span> <span class='ocrx_word' id='word_1_413' title='bbox 659 4150 674 4198; x_wconf 86' lang='lat' dir='ltr'><em>t</em></span> <span class='ocrx_word' id='word_1_414' title='bbox 692 4166 752 4214; x_wconf 79' lang='lat' dir='ltr'><em>pem.</em></span> <span class='ocrx_word' id='word_1_415' title='bbox 772 4159 795 4199; x_wconf 93' lang='lat' dir='ltr'><em>et</em></span> <span class='ocrx_word' id='word_1_416' title='bbox 813 4150 923 4213; x_wconf 81' lang='lat' dir='ltr'><em>Graecis,</em></span> <span class='ocrx_word' id='word_1_417' title='bbox 941 4164 1015 4211; x_wconf 90' lang='lat' dir='ltr'><em>quarn</em></span> 
     </span>
    </p>
   </div>
   <div class='ocr_carea' id='block_1_4' title="bbox 203 4342 1015 5764">
    <p class='ocr_par' dir='ltr' id='par_1_5' title="bbox 203 4342 1015 5764">
     <span class='ocr_line' id='line_1_56' title="bbox 208 4342 1012 4415; baseline 0.002 -20"><span class='ocrx_word' id='word_1_418' title='bbox 208 4362 241 4397; x_wconf 82' lang='lat' dir='ltr'><em>nr</em></span> <span class='ocrx_word' id='word_1_419' title='bbox 262 4360 294 4397; x_wconf 86' lang='grc' dir='ltr'><em>ιιι</em></span> <span class='ocrx_word' id='word_1_420' title='bbox 303 4350 454 4415; x_wconf 80' lang='lat' dir='ltr'><em>praetextu</em></span> <span class='ocrx_word' id='word_1_421' title='bbox 472 4343 656 4413; x_wconf 81' lang='lat' dir='ltr'><em>fideiussionis</em></span> <span class='ocrx_word' id='word_1_422' title='bbox 673 4344 809 4399; x_wconf 78' lang='lat' dir='ltr'><em>mrbiectos</em></span> <span class='ocrx_word' id='word_1_423' title='bbox 822 4344 901 4398; x_wconf 88' lang='lat' dir='ltr'><em>nobis</em></span> <span class='ocrx_word' id='word_1_424' title='bbox 913 4342 1012 4397; x_wconf 78' lang='lat' dir='ltr'><em>domm</em></span> 
     </span>
     <span class='ocr_line' id='line_1_57' title="bbox 208 4411 1013 4491; baseline 0 -28"><span class='ocrx_word' id='word_1_425' title='bbox 208 4411 289 4479; x_wconf 72' lang='grc' dir='ltr'><strong><em>σιμοί</em></strong></span> <span class='ocrx_word' id='word_1_426' title='bbox 301 4413 426 4482; x_wconf 87' lang='lat' dir='ltr'><em>patimur</em></span> <span class='ocrx_word' id='word_1_427' title='bbox 443 4412 485 4466; x_wconf 88' lang='lat' dir='ltr'><em>oet</em></span> <span class='ocrx_word' id='word_1_428' title='bbox 496 4418 616 4491; x_wconf 83' lang='lat' dir='ltr'><em>propter</em></span> <span class='ocrx_word' id='word_1_429' title='bbox 651 4413 821 4466; x_wconf 73' lang='lat' dir='ltr'><em>romularis</em></span> <span class='ocrx_word' id='word_1_430' title='bbox 843 4412 1013 4467; x_wconf 87' lang='lat' dir='ltr'><em>constitutio-</em></span> 
     </span>
     <span class='ocr_line' id='line_1_58' title="bbox 209 4478 1013 4548; baseline 0 -17"><span class='ocrx_word' id='word_1_431' title='bbox 209 4495 282 4531; x_wconf 83' lang='lat' dir='ltr'><em>nem:</em></span> <span class='ocrx_word' id='word_1_432' title='bbox 303 4478 352 4532; x_wconf 82' lang='lat' dir='ltr'><em>sert</em></span> <span class='ocrx_word' id='word_1_433' title='bbox 371 4480 397 4532; x_wconf 88' lang='lat' dir='ltr'><em>si</em></span> <span class='ocrx_word' id='word_1_434' title='bbox 419 4478 525 4548; x_wconf 77' lang='lat' dir='ltr'><em>quidmst</em></span> <span class='ocrx_word' id='word_1_435' title='bbox 547 4496 627 4533; x_wconf 78' lang='lat' dir='ltr'><em>emmo</em></span> <span class='ocrx_word' id='word_1_436' title='bbox 649 4479 694 4533; x_wconf 84' lang='lat' dir='ltr'><em>‘tes</em></span> <span class='ocrx_word' id='word_1_437' title='bbox 715 4495 761 4534; x_wconf 85' lang='lat' dir='ltr'><em>res</em></span> <span class='ocrx_word' id='word_1_438' title='bbox 776 4479 890 4534; x_wconf 82' lang='lat' dir='ltr'><em>idoneos</em></span> <span class='ocrx_word' id='word_1_439' title='bbox 906 4478 1013 4542; x_wconf 83' lang='lat' dir='ltr'><em>bobert,</em></span> 
     </span>
     <span class='ocr_line' id='line_1_59' title="bbox 208 4546 1013 4618; baseline 0.001 -21"><span class='ocrx_word' id='word_1_440' title='bbox 208 4546 256 4614; x_wconf 84' lang='lat' dir='ltr'><em>qni</em></span> <span class='ocrx_word' id='word_1_441' title='bbox 279 4547 411 4609; x_wconf 85' lang='lat' dir='ltr'><em>citantur,</em></span> <span class='ocrx_word' id='word_1_442' title='bbox 434 4546 621 4600; x_wconf 82' lang='lat' dir='ltr'><em>irasiureadum</em></span> <span class='ocrx_word' id='word_1_443' title='bbox 641 4548 728 4601; x_wconf 88' lang='lat' dir='ltr'><em>solum</em></span> <span class='ocrx_word' id='word_1_444' title='bbox 751 4548 780 4601; x_wconf 88' lang='lat' dir='ltr'><em>in</em></span> <span class='ocrx_word' id='word_1_445' title='bbox 800 4547 912 4618; x_wconf 72' lang='lat' dir='ltr'><em>carptis</em></span> <span class='ocrx_word' id='word_1_446' title='bbox 927 4561 1013 4617; x_wconf 82' lang='lat' dir='ltr'><em>eapo-</em></span> 
     </span>
     <span class='ocr_line' id='line_1_60' title="bbox 209 4613 1014 4692; baseline 0 -27"><span class='ocrx_word' id='word_1_447' title='bbox 209 4620 290 4665; x_wconf 84' lang='lat' dir='ltr'><em>nout:</em></span> <span class='ocrx_word' id='word_1_448' title='bbox 311 4614 336 4665; x_wconf 88' lang='lat' dir='ltr'><em>si</em></span> <span class='ocrx_word' id='word_1_449' title='bbox 358 4614 461 4677; x_wconf 78' lang='grc' dir='ltr'><strong><em>κιίαιιε,</em></strong></span> <span class='ocrx_word' id='word_1_450' title='bbox 485 4620 541 4667; x_wconf 92' lang='lat' dir='ltr'><em>tum</em></span> <span class='ocrx_word' id='word_1_451' title='bbox 553 4614 755 4692; x_wconf 76' lang='lat' dir='ltr'><em>fideiussionem</em></span> <span class='ocrx_word' id='word_1_452' title='bbox 772 4631 858 4685; x_wconf 83' lang='lat' dir='ltr'><em>usque</em></span> <span class='ocrx_word' id='word_1_453' title='bbox 875 4613 912 4667; x_wconf 86' lang='lat' dir='ltr'><em>ad</em></span> <span class='ocrx_word' id='word_1_454' title='bbox 927 4629 1014 4683; x_wconf 87' lang='lat' dir='ltr'><em>quoa·</em></span> 
     </span>
     <span class='ocr_line' id='line_1_61' title="bbox 210 4679 1012 4753; baseline 0 -20"><span class='ocrx_word' id='word_1_455' title='bbox 210 4679 313 4733; x_wconf 87' lang='lat' dir='ltr'><em>titutem</em></span> <span class='ocrx_word' id='word_1_456' title='bbox 338 4680 438 4733; x_wconf 82' lang='lat' dir='ltr'><em>dicdrcm</em></span> <span class='ocrx_word' id='word_1_457' title='bbox 470 4688 644 4735; x_wconf 76' lang='lat' dir='ltr'><em>constitutam</em></span> <span class='ocrx_word' id='word_1_458' title='bbox 665 4680 831 4753; x_wconf 85' lang='lat' dir='ltr'><em>proebeant,</em></span> <span class='ocrx_word' id='word_1_459' title='bbox 867 4683 926 4735; x_wconf 79' lang='lat' dir='ltr'><em>sine</em></span> <span class='ocrx_word' id='word_1_460' title='bbox 955 4680 1012 4734; x_wconf 83' lang='lat' dir='ltr'><em>uilo</em></span> 
     </span>
     <span class='ocr_line' id='line_1_62' title="bbox 212 4746 1014 4816; baseline 0.002 -17"><span class='ocrx_word' id='word_1_461' title='bbox 212 4750 242 4800; x_wconf 77' lang='grc'><em>13</em></span> <span class='ocrx_word' id='word_1_462' title='bbox 272 4754 361 4800; x_wconf 85' lang='lat' dir='ltr'><em>tomen</em></span> <span class='ocrx_word' id='word_1_463' title='bbox 377 4747 553 4802; x_wconf 81' lang='lat' dir='ltr'><em>incommodo.</em></span> <span class='ocrx_word' id='word_1_464' title='bbox 581 4747 613 4802; x_wconf 87' lang='lat' dir='ltr'><em>Si</em></span> <span class='ocrx_word' id='word_1_465' title='bbox 629 4766 692 4804; x_wconf 88' lang='lat' dir='ltr'><em>aero</em></span> <span class='ocrx_word' id='word_1_466' title='bbox 709 4755 884 4804; x_wconf 79' lang='lat' dir='ltr'><em>exsecutores</em></span> <span class='ocrx_word' id='word_1_467' title='bbox 900 4746 933 4801; x_wconf 89' lang='lat' dir='ltr'><em>de</em></span> <span class='ocrx_word' id='word_1_468' title='bbox 946 4747 1014 4816; x_wconf 80' lang='lat' dir='ltr'><em>fide-</em></span> 
     </span>
     <span class='ocr_line' id='line_1_63' title="bbox 208 4814 1014 4870; baseline 0.004 -5"><span class='ocrx_word' id='word_1_469' title='bbox 208 4814 344 4867; x_wconf 86' lang='lat' dir='ltr'><em>iussorum</em></span> <span class='ocrx_word' id='word_1_470' title='bbox 366 4816 511 4870; x_wconf 77' lang='lat' dir='ltr'><em>securitate</em></span> <span class='ocrx_word' id='word_1_471' title='bbox 534 4815 576 4870; x_wconf 84' lang='lat' dir='ltr'><em>rel</em></span> <span class='ocrx_word' id='word_1_472' title='bbox 597 4815 631 4870; x_wconf 85' lang='lat' dir='ltr'><em>de</em></span> <span class='ocrx_word' id='word_1_473' title='bbox 652 4816 788 4870; x_wconf 75' lang='lat' dir='ltr'><em>tractoria</em></span> <span class='ocrx_word' id='word_1_474' title='bbox 814 4816 940 4870; x_wconf 88' lang='lat' dir='ltr'><em>cautione</em></span> <span class='ocrx_word' id='word_1_475' title='bbox 965 4814 1014 4868; x_wconf 87' lang='lat' dir='ltr'><em>du-</em></span> 
     </span>
     <span class='ocr_line' id='line_1_64' title="bbox 208 4880 1014 4961; baseline -0.001 -26"><span class='ocrx_word' id='word_1_476' title='bbox 208 4880 280 4935; x_wconf 87' lang='lat' dir='ltr'><em>bium</em></span> <span class='ocrx_word' id='word_1_477' title='bbox 297 4888 435 4947; x_wconf 85' lang='lat' dir='ltr'><em>moveant,</em></span> <span class='ocrx_word' id='word_1_478' title='bbox 457 4884 619 4939; x_wconf 84' lang='lat' dir='ltr'><em>conveniant</em></span> <span class='ocrx_word' id='word_1_479' title='bbox 633 4882 853 4954; x_wconf 69' lang='lat' dir='ltr'><em>reticiosissimus</em></span> <span class='ocrx_word' id='word_1_480' title='bbox 869 4882 1014 4961; x_wconf 83' lang='lat' dir='ltr'><em>episcopus</em></span> 
     </span>
     <span class='ocr_line' id='line_1_65' title="bbox 208 4948 1013 5019; baseline 0 -18"><span class='ocrx_word' id='word_1_481' title='bbox 208 4954 235 5001; x_wconf 89' lang='lat' dir='ltr'><em>et</em></span> <span class='ocrx_word' id='word_1_482' title='bbox 246 4953 331 5019; x_wconf 87' lang='lat' dir='ltr'><em>puter</em></span> <span class='ocrx_word' id='word_1_483' title='bbox 347 4955 375 5002; x_wconf 89' lang='lat' dir='ltr'><em>et</em></span> <span class='ocrx_word' id='word_1_484' title='bbox 390 4948 520 5019; x_wconf 81' lang='lat' dir='ltr'><em>deferrsor</em></span> <span class='ocrx_word' id='word_1_485' title='bbox 536 4951 653 5005; x_wconf 85' lang='lat' dir='ltr'><em>ciuitatis</em></span> <span class='ocrx_word' id='word_1_486' title='bbox 670 4957 698 5005; x_wconf 91' lang='lat' dir='ltr'><em>et</em></span> <span class='ocrx_word' id='word_1_487' title='bbox 718 4950 845 5015; x_wconf 80' lang='lat' dir='ltr'><em>iudicent,</em></span> <span class='ocrx_word' id='word_1_488' title='bbox 867 4964 932 5004; x_wconf 82' lang='lat' dir='ltr'><em>amn</em></span> <span class='ocrx_word' id='word_1_489' title='bbox 945 4948 1013 5019; x_wconf 69' lang='lat' dir='ltr'><em>{rde-</em></span> 
     </span>
     <span class='ocr_line' id='line_1_66' title="bbox 207 5014 1013 5086; baseline 0.001 -18"><span class='ocrx_word' id='word_1_490' title='bbox 207 5017 299 5069; x_wconf 88' lang='lat' dir='ltr'><em>iussor</em></span> <span class='ocrx_word' id='word_1_491' title='bbox 324 5014 362 5069; x_wconf 86' lang='lat' dir='ltr'><em>cd</em></span> <span class='ocrx_word' id='word_1_492' title='bbox 386 5018 564 5085; x_wconf 73' lang='lat' dir='ltr'><em>quantitatem</em></span> <span class='ocrx_word' id='word_1_493' title='bbox 593 5017 709 5071; x_wconf 86' lang='lat' dir='ltr'><em>actionis</em></span> <span class='ocrx_word' id='word_1_494' title='bbox 738 5017 853 5072; x_wconf 85' lang='lat' dir='ltr'><em>idoneus</em></span> <span class='ocrx_word' id='word_1_495' title='bbox 877 5018 926 5080; x_wconf 89' lang='lat' dir='ltr'><em>sit,</em></span> <span class='ocrx_word' id='word_1_496' title='bbox 957 5031 1013 5086; x_wconf 85' lang='lat' dir='ltr'><em>qno</em></span> 
     </span>
     <span class='ocr_line' id='line_1_67' title="bbox 206 5083 1013 5154; baseline 0.002 -19"><span class='ocrx_word' id='word_1_497' title='bbox 206 5083 286 5152; x_wconf 78' lang='lat' dir='ltr'><em>sacto</em></span> <span class='ocrx_word' id='word_1_498' title='bbox 303 5085 459 5137; x_wconf 74' lang='lat' dir='ltr'><em>essecutori</em></span> <span class='ocrx_word' id='word_1_499' title='bbox 475 5101 582 5139; x_wconf 81' lang='lat' dir='ltr'><em>necesse</em></span> <span class='ocrx_word' id='word_1_500' title='bbox 598 5085 636 5139; x_wconf 85' lang='lat' dir='ltr'><em>sit</em></span> <span class='ocrx_word' id='word_1_501' title='bbox 651 5101 712 5140; x_wconf 87' lang='lat' dir='ltr'><em>eum</em></span> <span class='ocrx_word' id='word_1_502' title='bbox 725 5083 913 5154; x_wconf 79' lang='lat' dir='ltr'><em>fideiussorem</em></span> <span class='ocrx_word' id='word_1_503' title='bbox 929 5084 1013 5137; x_wconf 84' lang='lat' dir='ltr'><em>susci·</em></span> 
     </span>
     <span class='ocr_line' id='line_1_68' title="bbox 203 5150 1013 5223; baseline 0.001 -19"><span class='ocrx_word' id='word_1_504' title='bbox 203 5166 287 5221; x_wconf 87' lang='lat' dir='ltr'><em>pere,</em></span> <span class='ocrx_word' id='word_1_505' title='bbox 312 5166 399 5221; x_wconf 89' lang='lat' dir='ltr'><em>neque</em></span> <span class='ocrx_word' id='word_1_506' title='bbox 423 5150 569 5221; x_wconf 67' lang='lat' dir='ltr'><em>qucquam</em></span> <span class='ocrx_word' id='word_1_507' title='bbox 589 5168 646 5223; x_wconf 90' lang='lat' dir='ltr'><em>pro</em></span> <span class='ocrx_word' id='word_1_508' title='bbox 669 5150 844 5221; x_wconf 77' lang='lat' dir='ltr'><em>fideiussione</em></span> <span class='ocrx_word' id='word_1_509' title='bbox 868 5157 918 5206; x_wconf 85' lang='lat' dir='ltr'><em>out</em></span> <span class='ocrx_word' id='word_1_510' title='bbox 941 5151 1013 5205; x_wconf 86' lang='lat' dir='ltr'><em>inre·</em></span> 
     </span>
     <span class='ocr_line' id='line_1_69' title="bbox 211 5216 1013 5291; baseline 0.002 -21"><span class='ocrx_word' id='word_1_511' title='bbox 211 5222 241 5271; x_wconf 78' lang='grc'><em>13</em></span> <span class='ocrx_word' id='word_1_512' title='bbox 275 5216 392 5272; x_wconf 79' lang='grc' dir='ltr'><strong><em>ίιιεωιιίο</em></strong></span> <span class='ocrx_word' id='word_1_513' title='bbox 409 5219 511 5289; x_wconf 71' lang='lat' dir='ltr'><em>emicat.</em></span> <span class='ocrx_word' id='word_1_514' title='bbox 549 5218 674 5291; x_wconf 74' lang='lat' dir='ltr'><em>ltaecepto</em></span> <span class='ocrx_word' id='word_1_515' title='bbox 692 5235 725 5275; x_wconf 89' lang='lat' dir='ltr'><em>eo</em></span> <span class='ocrx_word' id='word_1_516' title='bbox 742 5235 817 5283; x_wconf 84' lang='lat' dir='ltr'><em>casn,</em></span> <span class='ocrx_word' id='word_1_517' title='bbox 833 5235 888 5289; x_wconf 80' lang='lat' dir='ltr'><em>quo</em></span> <span class='ocrx_word' id='word_1_518' title='bbox 903 5233 941 5273; x_wconf 70' lang='lat' dir='ltr'><em>ecc</em></span> <span class='ocrx_word' id='word_1_519' title='bbox 953 5232 1013 5289; x_wconf 86' lang='lat' dir='ltr'><em>spe·</em></span> 
     </span>
     <span class='ocr_line' id='line_1_70' title="bbox 208 5284 1015 5357; baseline 0.002 -20"><span class='ocrx_word' id='word_1_520' title='bbox 208 5284 273 5341; x_wconf 84' lang='lat' dir='ltr'><em>ciali</em></span> <span class='ocrx_word' id='word_1_521' title='bbox 293 5292 390 5339; x_wconf 77' lang='lat' dir='ltr'><em>nosne</em></span> <span class='ocrx_word' id='word_1_522' title='bbox 411 5286 454 5339; x_wconf 88' lang='lat' dir='ltr'><em>oet</em></span> <span class='ocrx_word' id='word_1_523' title='bbox 475 5302 639 5341; x_wconf 81' lang='lat' dir='ltr'><em>summorum</em></span> <span class='ocrx_word' id='word_1_524' title='bbox 665 5288 873 5357; x_wconf 77' lang='lat' dir='ltr'><em>mapistrotumn</em></span> <span class='ocrx_word' id='word_1_525' title='bbox 894 5285 1015 5340; x_wconf 67' lang='lat' dir='ltr'><em>insanas</em></span> 
     </span>
     <span class='ocr_line' id='line_1_71' title="bbox 207 5352 1014 5423; baseline 0.002 -18"><span class='ocrx_word' id='word_1_526' title='bbox 207 5352 299 5405; x_wconf 77' lang='lat' dir='ltr'><em>insmcs</em></span> <span class='ocrx_word' id='word_1_527' title='bbox 320 5362 361 5407; x_wconf 91' lang='lat' dir='ltr'><em>est</em></span> <span class='ocrx_word' id='word_1_528' title='bbox 377 5369 527 5423; x_wconf 81' lang='lat' dir='ltr'><em>personam</em></span> <span class='ocrx_word' id='word_1_529' title='bbox 548 5354 694 5418; x_wconf 74' lang='lat' dir='ltr'><em>mereare,</em></span> <span class='ocrx_word' id='word_1_530' title='bbox 716 5354 742 5407; x_wconf 90' lang='lat' dir='ltr'><em>si</em></span> <span class='ocrx_word' id='word_1_531' title='bbox 761 5353 918 5423; x_wconf 81' lang='lat' dir='ltr'><em>fideiussori</em></span> <span class='ocrx_word' id='word_1_532' title='bbox 931 5352 1014 5423; x_wconf 79' lang='lat' dir='ltr'><em>fidem</em></span> 
     </span>
     <span class='ocr_line' id='line_1_72' title="bbox 207 5418 1013 5491; baseline 0.001 -18"><span class='ocrx_word' id='word_1_533' title='bbox 207 5434 264 5473; x_wconf 80' lang='lat' dir='ltr'><em>noo</em></span> <span class='ocrx_word' id='word_1_534' title='bbox 280 5418 392 5473; x_wconf 82' lang='lat' dir='ltr'><em>babeat:</em></span> <span class='ocrx_word' id='word_1_535' title='bbox 410 5426 464 5473; x_wconf 89' lang='lat' dir='ltr'><em>tum</em></span> <span class='ocrx_word' id='word_1_536' title='bbox 479 5420 550 5474; x_wconf 78' lang='lat' dir='ltr'><em>oum</em></span> <span class='ocrx_word' id='word_1_537' title='bbox 559 5420 649 5475; x_wconf 79' lang='lat' dir='ltr'><em>licebit</em></span> <span class='ocrx_word' id='word_1_538' title='bbox 661 5422 817 5476; x_wconf 70' lang='lat' dir='ltr'><em>exsecutori</em></span> <span class='ocrx_word' id='word_1_539' title='bbox 825 5420 1013 5491; x_wconf 75' lang='lat' dir='ltr'><em>fideiussorem</em></span> 
     </span>
     <span class='ocr_line' id='line_1_73' title="bbox 207 5486 1011 5559; baseline 0.001 -20"><span class='ocrx_word' id='word_1_540' title='bbox 207 5502 264 5539; x_wconf 85' lang='lat' dir='ltr'><em>non</em></span> <span class='ocrx_word' id='word_1_541' title='bbox 284 5487 434 5557; x_wconf 73' lang='lat' dir='ltr'><em>suscipere,</em></span> <span class='ocrx_word' id='word_1_542' title='bbox 456 5487 506 5541; x_wconf 85' lang='lat' dir='ltr'><em>sed</em></span> <span class='ocrx_word' id='word_1_543' title='bbox 520 5494 549 5543; x_wconf 90' lang='lat' dir='ltr'><em>et</em></span> <span class='ocrx_word' id='word_1_544' title='bbox 564 5487 616 5542; x_wconf 84' lang='lat' dir='ltr'><em>boc</em></span> <span class='ocrx_word' id='word_1_545' title='bbox 632 5488 740 5559; x_wconf 78' lang='grc' dir='ltr'><strong><em>ηιιίίεπ</em></strong></span> <span class='ocrx_word' id='word_1_546' title='bbox 755 5489 814 5544; x_wconf 86' lang='lat' dir='ltr'><em>sine</em></span> <span class='ocrx_word' id='word_1_547' title='bbox 828 5487 887 5542; x_wconf 85' lang='lat' dir='ltr'><em>ullo</em></span> <span class='ocrx_word' id='word_1_548' title='bbox 904 5486 1011 5541; x_wconf 85' lang='grc' dir='ltr'><strong><em>ιίσαιαο.</em></strong></span> 
     </span>
     <span class='ocr_line' id='line_1_74' title="bbox 210 5550 1012 5627; baseline 0.002 -20"><span class='ocrx_word' id='word_1_549' title='bbox 210 5558 241 5607; x_wconf 81' lang='lat' dir='ltr'><em>tr</em></span> <span class='ocrx_word' id='word_1_550' title='bbox 259 5550 352 5607; x_wconf 77' lang='lat' dir='ltr'><em>Etiam</em></span> <span class='ocrx_word' id='word_1_551' title='bbox 365 5554 395 5608; x_wconf 87' lang='lat' dir='ltr'><em>in</em></span> <span class='ocrx_word' id='word_1_552' title='bbox 407 5553 451 5609; x_wconf 83' lang='lat' dir='ltr'><em>bis</em></span> <span class='ocrx_word' id='word_1_553' title='bbox 464 5554 572 5609; x_wconf 87' lang='lat' dir='ltr'><em>eaedem</em></span> <span class='ocrx_word' id='word_1_554' title='bbox 582 5571 690 5627; x_wconf 85' lang='lat' dir='ltr'><em>poenae</em></span> <span class='ocrx_word' id='word_1_555' title='bbox 703 5554 1012 5626; x_wconf 78' lang='lat' dir='ltr'><em>cdoernurelipiosissi·</em></span> 
     </span>
     <span class='ocr_line' id='line_1_75' title="bbox 207 5621 1012 5701; baseline 0.004 -28"><span class='ocrx_word' id='word_1_556' title='bbox 207 5636 278 5673; x_wconf 86' lang='lat' dir='ltr'><em>mum</em></span> <span class='ocrx_word' id='word_1_557' title='bbox 295 5621 451 5701; x_wconf 85' lang='lat' dir='ltr'><em>episcopum</em></span> <span class='ocrx_word' id='word_1_558' title='bbox 468 5630 496 5677; x_wconf 91' lang='lat' dir='ltr'><em>et</em></span> <span class='ocrx_word' id='word_1_559' title='bbox 511 5622 688 5677; x_wconf 78' lang='grc' dir='ltr'><strong><em>είιιείιείιαιοα</em></strong></span> <span class='ocrx_word' id='word_1_560' title='bbox 703 5623 864 5695; x_wconf 82' lang='lat' dir='ltr'><em>prouinciae</em></span> <span class='ocrx_word' id='word_1_561' title='bbox 880 5632 1012 5678; x_wconf 86' lang='lat' dir='ltr'><em>rectorem</em></span> 
     </span>
     <span class='ocr_line' id='line_1_76' title="bbox 207 5686 1011 5764; baseline -0.002 -17"><span class='ocrx_word' id='word_1_562' title='bbox 207 5686 337 5755; x_wconf 65' lang='lat' dir='ltr'><em>abtauit,</em></span> <span class='ocrx_word' id='word_1_563' title='bbox 358 5705 382 5743; x_wconf 83' lang='lat' dir='ltr'><em>rr</em></span> <span class='ocrx_word' id='word_1_564' title='bbox 403 5688 471 5761; x_wconf 79' lang='lat' dir='ltr'><em>quid</em></span> <span class='ocrx_word' id='word_1_565' title='bbox 485 5708 580 5747; x_wconf 85' lang='lat' dir='ltr'><em>eorum</em></span> <span class='ocrx_word' id='word_1_566' title='bbox 596 5690 695 5747; x_wconf 80' lang='lat' dir='ltr'><em>violari</em></span> <span class='ocrx_word' id='word_1_567' title='bbox 705 5692 881 5764; x_wconf 80' lang='lat' dir='ltr'><em>permiserint</em></span> <span class='ocrx_word' id='word_1_568' title='bbox 897 5690 940 5747; x_wconf 86' lang='lat' dir='ltr'><em>rel</em></span> <span class='ocrx_word' id='word_1_569' title='bbox 955 5689 1011 5746; x_wconf 86' lang='lat' dir='ltr'><em>oio·</em></span> 
     </span>
    </p>
   </div>
   <div class='ocr_carea' id='block_1_5' title="bbox 1009 294 1053 367">
    <p class='ocr_par' dir='ltr' id='par_1_6' title="bbox 1009 294 1053 367">
     <span class='ocr_line' id='line_1_77' title="bbox 1009 294 1053 367; baseline 0 0"><span class='ocrx_word' id='word_1_570' title='bbox 1009 294 1053 367; x_wconf 83' lang='lat' dir='ltr'><em>tt</em></span> 
     </span>
    </p>
   </div>
   <div class='ocr_carea' id='block_1_6' title="bbox 1597 312 1860 365">
    <p class='ocr_par' dir='ltr' id='par_1_7' title="bbox 1597 312 1860 365">
     <span class='ocr_line' id='line_1_78' title="bbox 1597 312 1860 365; baseline -0.015 -1"><span class='ocrx_word' id='word_1_571' title='bbox 1597 315 1643 364; x_wconf 81' lang='lat' dir='ltr'><em>DE</em></span> <span class='ocrx_word' id='word_1_572' title='bbox 1664 312 1860 365; x_wconf 75' lang='lat' dir='ltr'>EPISCOPALI</span> 
     </span>
    </p>
   </div>
   <div class='ocr_carea' id='block_1_7' title="bbox 1058 479 1873 3844">
    <p class='ocr_par' dir='ltr' id='par_1_8' title="bbox 1058 479 1871 2905">
     <span class='ocr_line' id='line_1_79' title="bbox 1058 479 1861 548; baseline -0.001 -15"><span class='ocrx_word' id='word_1_573' title='bbox 1058 480 1159 535; x_wconf 71' lang='lat' dir='ltr'><em>fumoso</em></span> <span class='ocrx_word' id='word_1_574' title='bbox 1177 479 1218 534; x_wconf 81' lang='lat' dir='ltr'><em>rel</em></span> <span class='ocrx_word' id='word_1_575' title='bbox 1235 479 1351 533; x_wconf 77' lang='lat' dir='ltr'><em>fumosae</em></span> <span class='ocrx_word' id='word_1_576' title='bbox 1367 480 1395 532; x_wconf 92' lang='lat' dir='ltr'><em>in</em></span> <span class='ocrx_word' id='word_1_577' title='bbox 1413 479 1504 533; x_wconf 85' lang='lat' dir='ltr'><em>ultimo</em></span> <span class='ocrx_word' id='word_1_578' title='bbox 1522 480 1606 548; x_wconf 80' lang='lat' dir='ltr'><em>elogio</em></span> <span class='ocrx_word' id='word_1_579' title='bbox 1627 481 1768 535; x_wconf 88' lang='lat' dir='ltr'><em>heredibus</em></span> <span class='ocrx_word' id='word_1_580' title='bbox 1785 480 1861 533; x_wconf 90' lang='lat' dir='ltr'><em>insti-</em></span> 
     </span>
     <span class='ocr_line' id='line_1_80' title="bbox 1058 547 1862 610; baseline -0.004 -9"><span class='ocrx_word' id='word_1_581' title='bbox 1058 548 1123 601; x_wconf 82' lang='lat' dir='ltr'><strong>tutis</strong></span> <span class='ocrx_word' id='word_1_582' title='bbox 1149 549 1190 601; x_wconf 88' lang='lat' dir='ltr'><em>vel</em></span> <span class='ocrx_word' id='word_1_583' title='bbox 1216 547 1381 600; x_wconf 71' lang='lat' dir='ltr'><em>exheredatis</em></span> <span class='ocrx_word' id='word_1_584' title='bbox 1407 547 1509 600; x_wconf 79' lang='lat' dir='ltr'><em>dederit</em></span> <span class='ocrx_word' id='word_1_585' title='bbox 1535 549 1590 610; x_wconf 86' lang='lat' dir='ltr'><em>(ubi</em></span> <span class='ocrx_word' id='word_1_586' title='bbox 1617 556 1643 601; x_wconf 91' lang='lat' dir='ltr'><em>et</em></span> <span class='ocrx_word' id='word_1_587' title='bbox 1665 548 1862 602; x_wconf 88' lang='lat' dir='ltr'><em>fideiussionem</em></span> 
     </span>
     <span class='ocr_line' id='line_1_81' title="bbox 1059 615 1862 682; baseline -0.004 -14"><span class='ocrx_word' id='word_1_588' title='bbox 1059 630 1165 668; x_wconf 87' lang='lat' dir='ltr'><em>cessare</em></span> <span class='ocrx_word' id='word_1_589' title='bbox 1190 630 1298 668; x_wconf 88' lang='lat' dir='ltr'><em>necesse</em></span> <span class='ocrx_word' id='word_1_590' title='bbox 1324 621 1365 667; x_wconf 91' lang='lat' dir='ltr'><em>est</em></span> <span class='ocrx_word' id='word_1_591' title='bbox 1390 620 1501 682; x_wconf 87' lang='lat' dir='ltr'><em>paterno</em></span> <span class='ocrx_word' id='word_1_592' title='bbox 1527 615 1677 669; x_wconf 90' lang='lat' dir='ltr'><em>testimonio</em></span> <span class='ocrx_word' id='word_1_593' title='bbox 1706 631 1755 682; x_wconf 88' lang='lat' dir='ltr'><em>pro</em></span> <span class='ocrx_word' id='word_1_594' title='bbox 1782 615 1862 667; x_wconf 89' lang='lat' dir='ltr'><em>satis-</em></span> 
     </span>
     <span class='ocr_line' id='line_1_82' title="bbox 1059 682 1861 749; baseline -0.002 -14"><span class='ocrx_word' id='word_1_595' title='bbox 1059 682 1165 736; x_wconf 89' lang='lat' dir='ltr'><em>datione</em></span> <span class='ocrx_word' id='word_1_596' title='bbox 1188 682 1359 748; x_wconf 83' lang='lat' dir='ltr'><em>sufficiente),</em></span> <span class='ocrx_word' id='word_1_597' title='bbox 1382 683 1438 749; x_wconf 88' lang='lat' dir='ltr'><em>ipsc</em></span> <span class='ocrx_word' id='word_1_598' title='bbox 1461 682 1505 749; x_wconf 85' lang='lat' dir='ltr'><em>qui</em></span> <span class='ocrx_word' id='word_1_599' title='bbox 1527 683 1605 736; x_wconf 91' lang='lat' dir='ltr'><em>datus</em></span> <span class='ocrx_word' id='word_1_600' title='bbox 1629 690 1670 736; x_wconf 89' lang='lat' dir='ltr'><em>est</em></span> <span class='ocrx_word' id='word_1_601' title='bbox 1692 683 1727 735; x_wconf 87' lang='lat' dir='ltr'><em>ad</em></span> <span class='ocrx_word' id='word_1_602' title='bbox 1745 683 1861 735; x_wconf 72' lang='lat' dir='ltr'><em>carnatio-</em></span> 
     </span>
     <span class='ocr_line' id='line_1_83' title="bbox 1060 748 1863 817; baseline -0.002 -16"><span class='ocrx_word' id='word_1_603' title='bbox 1060 765 1118 802; x_wconf 87' lang='lat' dir='ltr'><em>nem</em></span> <span class='ocrx_word' id='word_1_604' title='bbox 1144 749 1287 817; x_wconf 87' lang='lat' dir='ltr'><em>perveniat‚</em></span> <span class='ocrx_word' id='word_1_605' title='bbox 1314 749 1352 801; x_wconf 90' lang='lat' dir='ltr'><em>ita</em></span> <span class='ocrx_word' id='word_1_606' title='bbox 1376 756 1476 809; x_wconf 73' lang='lat' dir='ltr'><em>tamem</em></span> <span class='ocrx_word' id='word_1_607' title='bbox 1507 753 1538 801; x_wconf 91' lang='lat' dir='ltr'><em>ut</em></span> <span class='ocrx_word' id='word_1_608' title='bbox 1568 750 1595 802; x_wconf 92' lang='lat' dir='ltr'><em>in</em></span> <span class='ocrx_word' id='word_1_609' title='bbox 1621 750 1763 817; x_wconf 77' lang='lat' dir='ltr'><em>prouinciis</em></span> <span class='ocrx_word' id='word_1_610' title='bbox 1790 748 1863 816; x_wconf 89' lang='lat' dir='ltr'><em>apud</em></span> 
     </span>
     <span class='ocr_line' id='line_1_84' title="bbox 1059 816 1862 884; baseline -0.002 -15"><span class='ocrx_word' id='word_1_611' title='bbox 1059 816 1194 884; x_wconf 80' lang='lat' dir='ltr'><em>praesides</em></span> <span class='ocrx_word' id='word_1_612' title='bbox 1216 831 1321 879; x_wconf 85' lang='lat' dir='ltr'><em>earum,</em></span> <span class='ocrx_word' id='word_1_613' title='bbox 1344 824 1485 884; x_wconf 79' lang='lat' dir='ltr'><em>praesente</em></span> <span class='ocrx_word' id='word_1_614' title='bbox 1508 818 1546 870; x_wconf 90' lang='lat' dir='ltr'><em>eis</em></span> <span class='ocrx_word' id='word_1_615' title='bbox 1569 824 1624 869; x_wconf 90' lang='lat' dir='ltr'><em>tam</em></span> <span class='ocrx_word' id='word_1_616' title='bbox 1641 819 1696 869; x_wconf 84' lang='lat' dir='ltr'><em>viro</em></span> <span class='ocrx_word' id='word_1_617' title='bbox 1719 817 1862 883; x_wconf 76' lang='lat' dir='ltr'><em>religiosis-</em></span> 
     </span>
     <span class='ocr_line' id='line_1_85' title="bbox 1059 883 1863 951; baseline -0.002 -14"><span class='ocrx_word' id='word_1_618' title='bbox 1059 885 1125 937; x_wconf 88' lang='lat' dir='ltr'><em>simo</em></span> <span class='ocrx_word' id='word_1_619' title='bbox 1142 886 1260 938; x_wconf 90' lang='lat' dir='ltr'><em>locorum</em></span> <span class='ocrx_word' id='word_1_620' title='bbox 1278 883 1397 937; x_wconf 85' lang='lat' dir='ltr'><em>antistite</em></span> <span class='ocrx_word' id='word_1_621' title='bbox 1414 898 1492 950; x_wconf 88' lang='lat' dir='ltr'><em>quarn</em></span> <span class='ocrx_word' id='word_1_622' title='bbox 1509 885 1595 937; x_wconf 90' lang='lat' dir='ltr'><em>tribus</em></span> <span class='ocrx_word' id='word_1_623' title='bbox 1610 884 1775 951; x_wconf 89' lang='lat' dir='ltr'><em>primatibus,</em></span> <span class='ocrx_word' id='word_1_624' title='bbox 1794 883 1863 935; x_wconf 90' lang='lat' dir='ltr'><em>actis</em></span> 
     </span>
     <span class='ocr_line' id='line_1_86' title="bbox 1058 951 1862 1020; baseline -0.002 -17"><span class='ocrx_word' id='word_1_625' title='bbox 1058 951 1302 1013; x_wconf 86' lang='lat' dir='ltr'><em>intervenientibus,</em></span> <span class='ocrx_word' id='word_1_626' title='bbox 1321 951 1399 1004; x_wconf 86' lang='lat' dir='ltr'><em>tactis</em></span> <span class='ocrx_word' id='word_1_627' title='bbox 1417 953 1594 1004; x_wconf 89' lang='lat' dir='ltr'><em>sacrosanctis</em></span> <span class='ocrx_word' id='word_1_628' title='bbox 1610 952 1748 1020; x_wconf 91' lang='lat' dir='ltr'><em>scripturis</em></span> <span class='ocrx_word' id='word_1_629' title='bbox 1766 951 1862 1018; x_wconf 89' lang='lat' dir='ltr'><em>depro-</em></span> 
     </span>
     <span class='ocr_line' id='line_1_87' title="bbox 1060 1018 1863 1084; baseline -0.001 -14"><span class='ocrx_word' id='word_1_630' title='bbox 1060 1020 1130 1072; x_wconf 87' lang='lat' dir='ltr'><em>mat⁰</em></span> <span class='ocrx_word' id='word_1_631' title='bbox 1148 1018 1236 1071; x_wconf 90' lang='lat' dir='ltr'><em>omnia</em></span> <span class='ocrx_word' id='word_1_632' title='bbox 1253 1034 1281 1071; x_wconf 88' lang='lat' dir='ltr'><em>se</em></span> <span class='ocrx_word' id='word_1_633' title='bbox 1298 1020 1381 1072; x_wconf 68' lang='grc' dir='ltr'><em>τεοῖο7</em></span> <span class='ocrx_word' id='word_1_634' title='bbox 1399 1033 1459 1070; x_wconf 89' lang='lat' dir='ltr'><em>eum</em></span> <span class='ocrx_word' id='word_1_635' title='bbox 1477 1018 1592 1071; x_wconf 78' lang='lat' dir='ltr'><em>utilitate</em></span> <span class='ocrx_word' id='word_1_636' title='bbox 1600 1019 1694 1072; x_wconf 84' lang='lat' dir='ltr'><em>furiosi</em></span> <span class='ocrx_word' id='word_1_637' title='bbox 1709 1034 1801 1084; x_wconf 86' lang='lat' dir='ltr'><em>gerere</em></span> <span class='ocrx_word' id='word_1_638' title='bbox 1815 1032 1863 1069; x_wconf 86' lang='lat' dir='ltr'><em>na-</em></span> 
     </span>
     <span class='ocr_line' id='line_1_88' title="bbox 1060 1085 1864 1153; baseline -0.005 -14"><span class='ocrx_word' id='word_1_639' title='bbox 1060 1101 1111 1153; x_wconf 91' lang='lat' dir='ltr'><em>que</em></span> <span class='ocrx_word' id='word_1_640' title='bbox 1133 1085 1356 1152; x_wconf 88' lang='lat' dir='ltr'><em>praetermittere,</em></span> <span class='ocrx_word' id='word_1_641' title='bbox 1381 1100 1449 1152; x_wconf 87' lang='lat' dir='ltr'><em>quae</em></span> <span class='ocrx_word' id='word_1_642' title='bbox 1466 1085 1542 1137; x_wconf 88' lang='lat' dir='ltr'><em>utilia</em></span> <span class='ocrx_word' id='word_1_643' title='bbox 1559 1086 1659 1139; x_wconf 81' lang='lat' dir='ltr'><em>furioso</em></span> <span class='ocrx_word' id='word_1_644' title='bbox 1677 1101 1736 1139; x_wconf 87' lang='lat' dir='ltr'><em>esse</em></span> <span class='ocrx_word' id='word_1_645' title='bbox 1752 1089 1864 1153; x_wconf 84' lang='lat' dir='ltr'><em>putare·</em></span> 
     </span>
     <span class='ocr_line' id='line_1_89' title="bbox 1059 1152 1864 1219; baseline -0.002 -13"><span class='ocrx_word' id='word_1_646' title='bbox 1059 1154 1107 1211; x_wconf 82' lang='lat' dir='ltr'><em>rit,</em></span> <span class='ocrx_word' id='word_1_647' title='bbox 1130 1168 1215 1219; x_wconf 85' lang='lat' dir='ltr'><em>neque</em></span> <span class='ocrx_word' id='word_1_648' title='bbox 1232 1152 1384 1215; x_wconf 83' lang='lat' dir='ltr'><em>admittere,</em></span> <span class='ocrx_word' id='word_1_649' title='bbox 1405 1168 1474 1219; x_wconf 88' lang='lat' dir='ltr'><em>quae</em></span> <span class='ocrx_word' id='word_1_650' title='bbox 1491 1168 1544 1205; x_wconf 91' lang='lat' dir='ltr'><em>non</em></span> <span class='ocrx_word' id='word_1_651' title='bbox 1562 1153 1636 1206; x_wconf 89' lang='lat' dir='ltr'><em>utilia</em></span> <span class='ocrx_word' id='word_1_652' title='bbox 1653 1168 1712 1206; x_wconf 89' lang='lat' dir='ltr'><em>esse</em></span> <span class='ocrx_word' id='word_1_653' title='bbox 1728 1153 1864 1205; x_wconf 79' lang='lat' dir='ltr'><em>existima-</em></span> 
     </span>
     <span class='ocr_line' id='line_1_90' title="bbox 1059 1219 1866 1287; baseline -0.004 -14"><span class='ocrx_word' id='word_1_654' title='bbox 1059 1220 1137 1273; x_wconf 77' lang='lat' dir='ltr'><em>verit:</em></span> <span class='ocrx_word' id='word_1_655' title='bbox 1169 1226 1196 1272; x_wconf 88' lang='lat' dir='ltr'><em>et</em></span> <span class='ocrx_word' id='word_1_656' title='bbox 1221 1219 1368 1273; x_wconf 83' lang='lat' dir='ltr'><em>inventario</em></span> <span class='ocrx_word' id='word_1_657' title='bbox 1395 1235 1455 1272; x_wconf 88' lang='lat' dir='ltr'><em>cum</em></span> <span class='ocrx_word' id='word_1_658' title='bbox 1481 1220 1551 1272; x_wconf 91' lang='lat' dir='ltr'><em>omni</em></span> <span class='ocrx_word' id='word_1_659' title='bbox 1578 1220 1724 1273; x_wconf 83' lang='lat' dir='ltr'><em>subtilitate</em></span> <span class='ocrx_word' id='word_1_660' title='bbox 1757 1219 1866 1287; x_wconf 86' lang='lat' dir='ltr'><em>publice</em></span> 
     </span>
     <span class='ocr_line' id='line_1_91' title="bbox 1061 1286 1865 1365; baseline -0.001 -25"><span class='ocrx_word' id='word_1_661' title='bbox 1061 1287 1211 1365; x_wconf 88' lang='lat' dir='ltr'><em>conscripto</em></span> <span class='ocrx_word' id='word_1_662' title='bbox 1229 1303 1271 1341; x_wconf 92' lang='lat' dir='ltr'><em>res</em></span> <span class='ocrx_word' id='word_1_663' title='bbox 1289 1288 1360 1340; x_wconf 89' lang='lat' dir='ltr'><em>susci</em></span> <span class='ocrx_word' id='word_1_664' title='bbox 1380 1287 1418 1339; x_wconf 89' lang='lat' dir='ltr'><em>iat</em></span> <span class='ocrx_word' id='word_1_665' title='bbox 1435 1294 1462 1339; x_wconf 88' lang='lat' dir='ltr'><em>ct</em></span> <span class='ocrx_word' id='word_1_666' title='bbox 1478 1302 1524 1339; x_wconf 88' lang='lat' dir='ltr'><em>eas</em></span> <span class='ocrx_word' id='word_1_667' title='bbox 1542 1288 1686 1340; x_wconf 89' lang='lat' dir='ltr'><em>secundum</em></span> <span class='ocrx_word' id='word_1_668' title='bbox 1704 1287 1747 1340; x_wconf 91' lang='lat' dir='ltr'><em>sui</em></span> <span class='ocrx_word' id='word_1_669' title='bbox 1761 1286 1865 1354; x_wconf 91' lang='lat' dir='ltr'><em>opinio·</em></span> 
     </span>
     <span class='ocr_line' id='line_1_92' title="bbox 1060 1303 1865 1433; baseline -0.001 -26"><span class='ocrx_word' id='word_1_670' title='bbox 1060 1370 1120 1407; x_wconf 93' lang='lat' dir='ltr'><em>nem</em></span> <span class='ocrx_word' id='word_1_671' title='bbox 1143 1355 1268 1422; x_wconf 91' lang='lat' dir='ltr'><em>drsponat</em></span> <span class='ocrx_word' id='word_1_672' title='bbox 1289 1355 1338 1407; x_wconf 90' lang='lat' dir='ltr'><em>sub</em></span> <span class='ocrx_word' id='word_1_673' title='bbox 1361 1303 1514 1433; x_wconf 62' lang='lat' dir='ltr'><em>Eypotheca</em></span> <span class='ocrx_word' id='word_1_674' title='bbox 1536 1369 1624 1407; x_wconf 91' lang='lat' dir='ltr'><em>rerum</em></span> <span class='ocrx_word' id='word_1_675' title='bbox 1647 1355 1681 1407; x_wconf 88' lang='lat' dir='ltr'><em>ad</em></span> <span class='ocrx_word' id='word_1_676' title='bbox 1703 1369 1763 1407; x_wconf 90' lang='lat' dir='ltr'><em>eum</em></span> <span class='ocrx_word' id='word_1_677' title='bbox 1782 1353 1865 1421; x_wconf 86' lang='lat' dir='ltr'><em>perti·</em></span> 
     </span>
     <span class='ocr_line' id='line_1_93' title="bbox 1060 1421 1865 1483; baseline -0.004 -8"><span class='ocrx_word' id='word_1_678' title='bbox 1060 1422 1190 1483; x_wconf 77' lang='lat' dir='ltr'><em>nentium,</em></span> <span class='ocrx_word' id='word_1_679' title='bbox 1219 1422 1253 1475; x_wconf 91' lang='lat' dir='ltr'><em>ad</em></span> <span class='ocrx_word' id='word_1_680' title='bbox 1276 1421 1470 1475; x_wconf 90' lang='lat' dir='ltr'><em>similitudmem</em></span> <span class='ocrx_word' id='word_1_681' title='bbox 1491 1428 1609 1475; x_wconf 90' lang='lat' dir='ltr'><em>tutorum</em></span> <span class='ocrx_word' id='word_1_682' title='bbox 1632 1426 1659 1474; x_wconf 90' lang='lat' dir='ltr'><em>et</em></span> <span class='ocrx_word' id='word_1_683' title='bbox 1679 1422 1763 1474; x_wconf 88' lang='lat' dir='ltr'><em>adulti</em></span> <span class='ocrx_word' id='word_1_684' title='bbox 1786 1435 1865 1473; x_wconf 86' lang='lat' dir='ltr'><em>eura·</em></span> 
     </span>
     <span class='ocr_line' id='line_1_94' title="bbox 1061 1489 1865 1556; baseline -0.004 -14"><span class='ocrx_word' id='word_1_685' title='bbox 1061 1494 1076 1542; x_wconf 82' lang='lat'><strong>2</strong></span> <span class='ocrx_word' id='word_1_686' title='bbox 1111 1496 1207 1542; x_wconf 86' lang='lat' dir='ltr'><em>torum.</em></span> <span class='ocrx_word' id='word_1_687' title='bbox 1249 1489 1295 1541; x_wconf 87' lang='lat' dir='ltr'><em>Sin</em></span> <span class='ocrx_word' id='word_1_688' title='bbox 1316 1496 1404 1542; x_wconf 87' lang='lat' dir='ltr'><em>autem</em></span> <span class='ocrx_word' id='word_1_689' title='bbox 1427 1495 1614 1541; x_wconf 87' lang='lat' dir='ltr'><em>testamentum</em></span> <span class='ocrx_word' id='word_1_690' title='bbox 1637 1489 1742 1556; x_wconf 90' lang='lat' dir='ltr'><em>quidem</em></span> <span class='ocrx_word' id='word_1_691' title='bbox 1765 1503 1865 1555; x_wconf 88' lang='lat' dir='ltr'><em>parens</em></span> 
     </span>
     <span class='ocr_line' id='line_1_95' title="bbox 1061 1555 1866 1624; baseline -0.005 -14"><span class='ocrx_word' id='word_1_692' title='bbox 1061 1571 1114 1610; x_wconf 91' lang='lat' dir='ltr'><em>non</em></span> <span class='ocrx_word' id='word_1_693' title='bbox 1137 1556 1295 1614; x_wconf 82' lang='lat' dir='ltr'><em>confecerit,</em></span> <span class='ocrx_word' id='word_1_694' title='bbox 1319 1557 1362 1609; x_wconf 83' lang='lat' dir='ltr'><em>lex</em></span> <span class='ocrx_word' id='word_1_695' title='bbox 1379 1563 1467 1609; x_wconf 88' lang='lat' dir='ltr'><em>autem</em></span> <span class='ocrx_word' id='word_1_696' title='bbox 1489 1564 1637 1609; x_wconf 83' lang='lat' dir='ltr'><em>curatorem</em></span> <span class='ocrx_word' id='word_1_697' title='bbox 1655 1562 1748 1624; x_wconf 84' lang='lat' dir='ltr'><em>utpote</em></span> <span class='ocrx_word' id='word_1_698' title='bbox 1764 1555 1866 1622; x_wconf 81' lang='lat' dir='ltr'><em>adgna-</em></span> 
     </span>
     <span class='ocr_line' id='line_1_96' title="bbox 1062 1622 1866 1677; baseline 0 -2"><span class='ocrx_word' id='word_1_699' title='bbox 1062 1631 1118 1676; x_wconf 92' lang='lat' dir='ltr'><em>tum</em></span> <span class='ocrx_word' id='word_1_700' title='bbox 1140 1625 1273 1676; x_wconf 84' lang='lat' dir='ltr'><em>vocaverit</em></span> <span class='ocrx_word' id='word_1_701' title='bbox 1295 1624 1335 1676; x_wconf 82' lang='lat' dir='ltr'><em>vel</em></span> <span class='ocrx_word' id='word_1_702' title='bbox 1358 1639 1389 1676; x_wconf 92' lang='lat' dir='ltr'><em>eo</em></span> <span class='ocrx_word' id='word_1_703' title='bbox 1412 1630 1534 1676; x_wconf 86' lang='lat' dir='ltr'><em>cessante</em></span> <span class='ocrx_word' id='word_1_704' title='bbox 1557 1632 1604 1676; x_wconf 91' lang='lat' dir='ltr'><em>aut</em></span> <span class='ocrx_word' id='word_1_705' title='bbox 1626 1639 1681 1677; x_wconf 92' lang='lat' dir='ltr'><em>non</em></span> <span class='ocrx_word' id='word_1_706' title='bbox 1696 1624 1792 1676; x_wconf 91' lang='lat' dir='ltr'><em>idoneo</em></span> <span class='ocrx_word' id='word_1_707' title='bbox 1809 1622 1866 1675; x_wconf 90' lang='lat' dir='ltr'><em>ior-</em></span> 
     </span>
     <span class='ocr_line' id='line_1_97' title="bbox 1061 1689 1869 1745; baseline -0.004 -1"><span class='ocrx_word' id='word_1_708' title='bbox 1061 1692 1131 1744; x_wconf 82' lang='lat' dir='ltr'><em>sitan</em></span> <span class='ocrx_word' id='word_1_709' title='bbox 1157 1692 1285 1744; x_wconf 79' lang='lat' dir='ltr'><em>existente</em></span> <span class='ocrx_word' id='word_1_710' title='bbox 1312 1706 1345 1743; x_wconf 74' lang='grc' dir='ltr'><em>εει</em></span> <span class='ocrx_word' id='word_1_711' title='bbox 1370 1690 1486 1743; x_wconf 89' lang='lat' dir='ltr'><em>iudiciali</em></span> <span class='ocrx_word' id='word_1_712' title='bbox 1512 1690 1641 1745; x_wconf 86' lang='lat' dir='ltr'><em>electione</em></span> <span class='ocrx_word' id='word_1_713' title='bbox 1667 1697 1815 1743; x_wconf 85' lang='lat' dir='ltr'><em>curatorem</em></span> <span class='ocrx_word' id='word_1_714' title='bbox 1842 1689 1869 1741; x_wconf 88' lang='lat' dir='ltr'><em>ei</em></span> 
     </span>
     <span class='ocr_line' id='line_1_98' title="bbox 1061 1756 1866 1826; baseline -0.002 -16"><span class='ocrx_word' id='word_1_715' title='bbox 1061 1758 1125 1811; x_wconf 89' lang='lat' dir='ltr'><em>dare</em></span> <span class='ocrx_word' id='word_1_716' title='bbox 1151 1773 1260 1811; x_wconf 87' lang='lat' dir='ltr'><em>necesse</em></span> <span class='ocrx_word' id='word_1_717' title='bbox 1285 1758 1381 1817; x_wconf 83' lang='lat' dir='ltr'><em>luerit.</em></span> <span class='ocrx_word' id='word_1_718' title='bbox 1408 1764 1473 1811; x_wconf 89' lang='lat' dir='ltr'><em>tnnc</em></span> <span class='ocrx_word' id='word_1_719' title='bbox 1499 1758 1601 1812; x_wconf 88' lang='lat' dir='ltr'><em>scilicet</em></span> <span class='ocrx_word' id='word_1_720' title='bbox 1626 1765 1653 1811; x_wconf 87' lang='lat' dir='ltr'><em>et</em></span> <span class='ocrx_word' id='word_1_721' title='bbox 1674 1759 1701 1811; x_wconf 90' lang='lat' dir='ltr'><em>in</em></span> <span class='ocrx_word' id='word_1_722' title='bbox 1725 1756 1866 1826; x_wconf 85' lang='lat' dir='ltr'><em>provinciis</em></span> 
     </span>
     <span class='ocr_line' id='line_1_99' title="bbox 1061 1824 1869 1894; baseline -0.002 -16"><span class='ocrx_word' id='word_1_723' title='bbox 1061 1825 1134 1894; x_wconf 89' lang='lat' dir='ltr'><em>apud</em></span> <span class='ocrx_word' id='word_1_724' title='bbox 1159 1824 1309 1892; x_wconf 87' lang='lat' dir='ltr'><em>praesidem</em></span> <span class='ocrx_word' id='word_1_725' title='bbox 1336 1826 1524 1893; x_wconf 88' lang='lat' dir='ltr'><em>cuiuscumque</em></span> <span class='ocrx_word' id='word_1_726' title='bbox 1553 1826 1704 1893; x_wconf 79' lang='lat' dir='ltr'><em>provinciae</em></span> <span class='ocrx_word' id='word_1_727' title='bbox 1730 1832 1757 1877; x_wconf 90' lang='lat' dir='ltr'><em>et</em></span> <span class='ocrx_word' id='word_1_728' title='bbox 1782 1824 1869 1876; x_wconf 84' lang='lat' dir='ltr'><em>uirum</em></span> 
     </span>
     <span class='ocr_line' id='line_1_100' title="bbox 1062 1892 1869 2012; baseline -0.002 -67"><span class='ocrx_word' id='word_1_729' title='bbox 1062 1893 1286 1959; x_wconf 81' lang='lat' dir='ltr'><em>religiosissimum</em></span> <span class='ocrx_word' id='word_1_730' title='bbox 1317 1892 1471 2012; x_wconf 73' lang='lat' dir='ltr'><em>episcopum</em></span> <span class='ocrx_word' id='word_1_731' title='bbox 1502 1893 1616 1947; x_wconf 84' lang='lat' dir='ltr'><em>civitatis</em></span> <span class='ocrx_word' id='word_1_732' title='bbox 1648 1908 1698 1945; x_wconf 90' lang='lat' dir='ltr'><em>nec</em></span> <span class='ocrx_word' id='word_1_733' title='bbox 1728 1907 1782 1944; x_wconf 89' lang='lat' dir='ltr'><em>non</em></span> <span class='ocrx_word' id='word_1_734' title='bbox 1812 1896 1869 1944; x_wconf 89' lang='lat' dir='ltr'><em>tres</em></span> 
     </span>
     <span class='ocr_line' id='line_1_101' title="bbox 1062 1960 1869 2028; baseline -0.002 -15"><span class='ocrx_word' id='word_1_735' title='bbox 1062 1961 1187 2028; x_wconf 82' lang='lat' dir='ltr'><em>primates</em></span> <span class='ocrx_word' id='word_1_736' title='bbox 1206 1960 1306 2013; x_wconf 86' lang='lat' dir='ltr'><em>creatio</em></span> <span class='ocrx_word' id='word_1_737' title='bbox 1323 1975 1403 2026; x_wconf 89' lang='lat' dir='ltr'><em>proce</em></span> <span class='ocrx_word' id='word_1_738' title='bbox 1424 1963 1459 2025; x_wconf 77' lang='lat' dir='ltr'><em>at,</em></span> <span class='ocrx_word' id='word_1_739' title='bbox 1480 1960 1518 2013; x_wconf 89' lang='lat' dir='ltr'><em>ita</em></span> <span class='ocrx_word' id='word_1_740' title='bbox 1535 1965 1573 2025; x_wconf 89' lang='lat' dir='ltr'><em>ut,</em></span> <span class='ocrx_word' id='word_1_741' title='bbox 1597 1961 1619 2013; x_wconf 91' lang='lat' dir='ltr'><em>si</em></span> <span class='ocrx_word' id='word_1_742' title='bbox 1637 1960 1742 2027; x_wconf 88' lang='lat' dir='ltr'><em>quidem</em></span> <span class='ocrx_word' id='word_1_743' title='bbox 1760 1964 1869 2012; x_wconf 90' lang='lat' dir='ltr'><em>curator</em></span> 
     </span>
     <span class='ocr_line' id='line_1_102' title="bbox 1063 2025 1869 2094; baseline -0.002 -15"><span class='ocrx_word' id='word_1_744' title='bbox 1063 2027 1240 2080; x_wconf 87' lang='lat' dir='ltr'><em>substantiam</em></span> <span class='ocrx_word' id='word_1_745' title='bbox 1273 2027 1395 2080; x_wconf 88' lang='lat' dir='ltr'><em>idoneam</em></span> <span class='ocrx_word' id='word_1_746' title='bbox 1429 2027 1546 2094; x_wconf 88' lang='lat' dir='ltr'><em>possidet</em></span> <span class='ocrx_word' id='word_1_747' title='bbox 1578 2035 1605 2079; x_wconf 90' lang='lat' dir='ltr'><em>et</em></span> <span class='ocrx_word' id='word_1_748' title='bbox 1631 2027 1806 2080; x_wconf 84' lang='lat' dir='ltr'><em>sufficientem</em></span> <span class='ocrx_word' id='word_1_749' title='bbox 1832 2025 1869 2078; x_wconf 89' lang='lat' dir='ltr'><em>ad</em></span> 
     </span>
     <span class='ocr_line' id='line_1_103' title="bbox 1062 2094 1868 2161; baseline -0.002 -14"><span class='ocrx_word' id='word_1_750' title='bbox 1062 2094 1140 2147; x_wconf 90' lang='lat' dir='ltr'><em>tidem</em></span> <span class='ocrx_word' id='word_1_751' title='bbox 1162 2095 1375 2161; x_wconf 80' lang='lat' dir='ltr'><em>gubernationis.</em></span> <span class='ocrx_word' id='word_1_752' title='bbox 1399 2101 1425 2147; x_wconf 89' lang='lat' dir='ltr'><em>et</em></span> <span class='ocrx_word' id='word_1_753' title='bbox 1447 2095 1504 2147; x_wconf 89' lang='lat' dir='ltr'><em>sine</em></span> <span class='ocrx_word' id='word_1_754' title='bbox 1524 2095 1614 2161; x_wconf 88' lang='lat' dir='ltr'><em>aliqua</em></span> <span class='ocrx_word' id='word_1_755' title='bbox 1630 2094 1803 2147; x_wconf 88' lang='lat' dir='ltr'><em>satisdatione</em></span> <span class='ocrx_word' id='word_1_756' title='bbox 1820 2108 1868 2145; x_wconf 91' lang='lat' dir='ltr'><em>no-</em></span> 
     </span>
     <span class='ocr_line' id='line_1_104' title="bbox 1062 2160 1868 2229; baseline -0.004 -15"><span class='ocrx_word' id='word_1_757' title='bbox 1062 2162 1172 2214; x_wconf 90' lang='lat' dir='ltr'><em>minatio</em></span> <span class='ocrx_word' id='word_1_758' title='bbox 1198 2161 1255 2215; x_wconf 88' lang='lat' dir='ltr'><em>eius</em></span> <span class='ocrx_word' id='word_1_759' title='bbox 1283 2161 1418 2229; x_wconf 86' lang='lat' dir='ltr'><em>procedat.</em></span> <span class='ocrx_word' id='word_1_760' title='bbox 1462 2162 1503 2215; x_wconf 91' lang='lat' dir='ltr'><em>sin</em></span> <span class='ocrx_word' id='word_1_761' title='bbox 1530 2169 1618 2215; x_wconf 89' lang='lat' dir='ltr'><em>autem</em></span> <span class='ocrx_word' id='word_1_762' title='bbox 1650 2178 1704 2215; x_wconf 91' lang='lat' dir='ltr'><em>non</em></span> <span class='ocrx_word' id='word_1_763' title='bbox 1721 2162 1782 2214; x_wconf 86' lang='lat' dir='ltr'><em>talis</em></span> <span class='ocrx_word' id='word_1_764' title='bbox 1809 2160 1868 2213; x_wconf 87' lang='lat' dir='ltr'><em>eius</em></span> 
     </span>
     <span class='ocr_line' id='line_1_105' title="bbox 1065 2228 1869 2295; baseline -0.004 -13"><span class='ocrx_word' id='word_1_765' title='bbox 1065 2244 1160 2282; x_wconf 87' lang='lat' dir='ltr'><em>census</em></span> <span class='ocrx_word' id='word_1_766' title='bbox 1179 2228 1335 2291; x_wconf 86' lang='lat' dir='ltr'><em>inveniatur,</em></span> <span class='ocrx_word' id='word_1_767' title='bbox 1353 2234 1418 2281; x_wconf 81' lang='lat' dir='ltr'><em>tum</em></span> <span class='ocrx_word' id='word_1_768' title='bbox 1436 2235 1462 2281; x_wconf 91' lang='lat' dir='ltr'><em>et</em></span> <span class='ocrx_word' id='word_1_769' title='bbox 1478 2228 1614 2282; x_wconf 84' lang='lat' dir='ltr'><em>fideiussio</em></span> <span class='ocrx_word' id='word_1_770' title='bbox 1627 2230 1654 2281; x_wconf 91' lang='lat' dir='ltr'><em>in</em></span> <span class='ocrx_word' id='word_1_771' title='bbox 1669 2237 1795 2295; x_wconf 89' lang='lat' dir='ltr'><em>quantum</em></span> <span class='ocrx_word' id='word_1_772' title='bbox 1804 2244 1869 2295; x_wconf 89' lang='lat' dir='ltr'><em>pos·</em></span> 
     </span>
     <span class='ocr_line' id='line_1_106' title="bbox 1064 2294 1868 2363; baseline -0.004 -14"><span class='ocrx_word' id='word_1_773' title='bbox 1064 2302 1079 2350; x_wconf 83' lang='lat'><strong>3</strong></span> <span class='ocrx_word' id='word_1_774' title='bbox 1114 2296 1190 2349; x_wconf 83' lang='lat' dir='ltr'><em>sibile</em></span> <span class='ocrx_word' id='word_1_775' title='bbox 1207 2304 1248 2349; x_wconf 90' lang='lat' dir='ltr'><em>est</em></span> <span class='ocrx_word' id='word_1_776' title='bbox 1265 2297 1299 2349; x_wconf 89' lang='lat' dir='ltr'><em>ab</em></span> <span class='ocrx_word' id='word_1_777' title='bbox 1317 2311 1348 2349; x_wconf 89' lang='lat' dir='ltr'><em>eo</em></span> <span class='ocrx_word' id='word_1_778' title='bbox 1367 2296 1527 2363; x_wconf 83' lang='lat' dir='ltr'><em>exploretur.</em></span> <span class='ocrx_word' id='word_1_779' title='bbox 1559 2296 1699 2349; x_wconf 74' lang='lat' dir='ltr'><em>creatione</em></span> <span class='ocrx_word' id='word_1_780' title='bbox 1716 2294 1868 2349; x_wconf 91' lang='lat' dir='ltr'><em>omnimodo</em></span> 
     </span>
     <span class='ocr_line' id='line_1_107' title="bbox 1064 2363 1871 2431; baseline -0.001 -15"><span class='ocrx_word' id='word_1_781' title='bbox 1064 2363 1244 2416; x_wconf 88' lang='lat' dir='ltr'><em>sacrosanctis</em></span> <span class='ocrx_word' id='word_1_782' title='bbox 1276 2363 1416 2431; x_wconf 88' lang='lat' dir='ltr'><em>scripturis</em></span> <span class='ocrx_word' id='word_1_783' title='bbox 1447 2363 1591 2431; x_wconf 88' lang='lat' dir='ltr'><em>propositis</em></span> <span class='ocrx_word' id='word_1_784' title='bbox 1621 2364 1649 2415; x_wconf 91' lang='lat' dir='ltr'><em>in</em></span> <span class='ocrx_word' id='word_1_785' title='bbox 1681 2364 1752 2416; x_wconf 90' lang='lat' dir='ltr'><em>omni</em></span> <span class='ocrx_word' id='word_1_786' title='bbox 1786 2377 1871 2416; x_wconf 85' lang='lat' dir='ltr'><em>cansa</em></span> 
     </span>
     <span class='ocr_line' id='line_1_108' title="bbox 1065 2430 1870 2498; baseline -0.001 -15"><span class='ocrx_word' id='word_1_787' title='bbox 1065 2430 1237 2495; x_wconf 88' lang='lat' dir='ltr'><em>celebranda,</em></span> <span class='ocrx_word' id='word_1_788' title='bbox 1260 2430 1318 2498; x_wconf 89' lang='lat' dir='ltr'><em>ipso</em></span> <span class='ocrx_word' id='word_1_789' title='bbox 1336 2437 1424 2483; x_wconf 89' lang='lat' dir='ltr'><em>autem</em></span> <span class='ocrx_word' id='word_1_790' title='bbox 1443 2437 1573 2491; x_wconf 84' lang='lat' dir='ltr'><em>curatore,</em></span> <span class='ocrx_word' id='word_1_791' title='bbox 1598 2431 1788 2497; x_wconf 86' lang='lat' dir='ltr'><em>cuiuscumque</em></span> <span class='ocrx_word' id='word_1_792' title='bbox 1804 2430 1870 2482; x_wconf 87' lang='lat' dir='ltr'><em>sub-</em></span> 
     </span>
     <span class='ocr_line' id='line_1_109' title="bbox 1064 2498 1870 2565; baseline -0.002 -14"><span class='ocrx_word' id='word_1_793' title='bbox 1064 2498 1179 2551; x_wconf 87' lang='lat' dir='ltr'><em>stantiae</em></span> <span class='ocrx_word' id='word_1_794' title='bbox 1199 2498 1240 2551; x_wconf 87' lang='lat' dir='ltr'><em>rel</em></span> <span class='ocrx_word' id='word_1_795' title='bbox 1263 2498 1397 2565; x_wconf 86' lang='lat' dir='ltr'><em>dignitatis</em></span> <span class='ocrx_word' id='word_1_796' title='bbox 1421 2504 1475 2561; x_wconf 84' lang='lat' dir='ltr'><em>est,</em></span> <span class='ocrx_word' id='word_1_797' title='bbox 1499 2498 1649 2565; x_wconf 84' lang='lat' dir='ltr'><em>praefatum</em></span> <span class='ocrx_word' id='word_1_798' title='bbox 1673 2501 1870 2550; x_wconf 88' lang='lat' dir='ltr'><em>sacramentum</em></span> 
     </span>
     <span class='ocr_line' id='line_1_110' title="bbox 1064 2565 1871 2634; baseline -0.002 -16"><span class='ocrx_word' id='word_1_799' title='bbox 1064 2581 1113 2634; x_wconf 90' lang='lat' dir='ltr'><em>pro</em></span> <span class='ocrx_word' id='word_1_800' title='bbox 1131 2565 1230 2618; x_wconf 82' lang='lat' dir='ltr'><em>utiliter</em></span> <span class='ocrx_word' id='word_1_801' title='bbox 1247 2565 1325 2618; x_wconf 90' lang='lat' dir='ltr'><em>rebus</em></span> <span class='ocrx_word' id='word_1_802' title='bbox 1343 2565 1463 2633; x_wconf 79' lang='lat' dir='ltr'><em>gerendis</em></span> <span class='ocrx_word' id='word_1_803' title='bbox 1480 2572 1633 2633; x_wconf 88' lang='lat' dir='ltr'><em>praestante</em></span> <span class='ocrx_word' id='word_1_804' title='bbox 1651 2571 1677 2616; x_wconf 88' lang='lat' dir='ltr'><em>et</em></span> <span class='ocrx_word' id='word_1_805' title='bbox 1694 2565 1871 2617; x_wconf 84' lang='lat' dir='ltr'><em>inventarium</em></span> 
     </span>
     <span class='ocr_line' id='line_1_111' title="bbox 1064 2630 1871 2700; baseline -0.001 -16"><span class='ocrx_word' id='word_1_806' title='bbox 1064 2632 1170 2700; x_wconf 88' lang='lat' dir='ltr'><em>publice</em></span> <span class='ocrx_word' id='word_1_807' title='bbox 1196 2633 1380 2687; x_wconf 90' lang='lat' dir='ltr'><em>conscribente</em></span> <span class='ocrx_word' id='word_1_808' title='bbox 1407 2640 1433 2685; x_wconf 91' lang='lat' dir='ltr'><em>et</em></span> <span class='ocrx_word' id='word_1_809' title='bbox 1455 2633 1607 2700; x_wconf 86' lang='lat' dir='ltr'><em>hypotheca</em></span> <span class='ocrx_word' id='word_1_810' title='bbox 1632 2646 1720 2684; x_wconf 91' lang='lat' dir='ltr'><em>rernm</em></span> <span class='ocrx_word' id='word_1_811' title='bbox 1738 2630 1871 2684; x_wconf 85' lang='lat' dir='ltr'><em>curatoris</em></span> 
     </span>
     <span class='ocr_line' id='line_1_112' title="bbox 1064 2698 1870 2818; baseline -0.002 -66"><span class='ocrx_word' id='word_1_812' title='bbox 1064 2700 1148 2753; x_wconf 88' lang='lat' dir='ltr'><em>modis</em></span> <span class='ocrx_word' id='word_1_813' title='bbox 1174 2701 1294 2753; x_wconf 91' lang='lat' dir='ltr'><em>omnibus</em></span> <span class='ocrx_word' id='word_1_814' title='bbox 1317 2700 1480 2763; x_wconf 87' lang='lat' dir='ltr'><em>adhibenda,</em></span> <span class='ocrx_word' id='word_1_815' title='bbox 1508 2705 1640 2766; x_wconf 87' lang='lat' dir='ltr'><em>quatenus</em></span> <span class='ocrx_word' id='word_1_816' title='bbox 1663 2699 1769 2818; x_wconf 69' lang='lat' dir='ltr'><em>possint</em></span> <span class='ocrx_word' id='word_1_817' title='bbox 1792 2698 1870 2769; x_wconf 86' lang='lat' dir='ltr'><em>undi-</em></span> 
     </span>
     <span class='ocr_line' id='line_1_113' title="bbox 1065 2765 1871 2836; baseline -0.002 -17"><span class='ocrx_word' id='word_1_818' title='bbox 1065 2782 1115 2835; x_wconf 89' lang='lat' dir='ltr'><em>quo</em></span> <span class='ocrx_word' id='word_1_819' title='bbox 1132 2782 1175 2820; x_wconf 89' lang='lat' dir='ltr'><em>res</em></span> <span class='ocrx_word' id='word_1_820' title='bbox 1192 2766 1286 2821; x_wconf 85' lang='lat' dir='ltr'><em>furiosi</em></span> <span class='ocrx_word' id='word_1_821' title='bbox 1307 2767 1406 2819; x_wconf 87' lang='lat' dir='ltr'><em>utiliter</em></span> <span class='ocrx_word' id='word_1_822' title='bbox 1426 2767 1576 2834; x_wconf 82' lang='lat' dir='ltr'><em>gubernari.</em></span> <span class='ocrx_word' id='word_1_823' title='bbox 1611 2765 1644 2819; x_wconf 87' lang='lat' dir='ltr'><em>l).</em></span> <span class='ocrx_word' id='word_1_824' title='bbox 1683 2765 1781 2836; x_wconf 79' lang='lat' dir='ltr'><em>,Sept</em></span> <span class='ocrx_word' id='word_1_825' title='bbox 1801 2768 1871 2819; x_wconf 80' lang='lat' dir='ltr'><em>Con·</em></span> 
     </span>
     <span class='ocr_line' id='line_1_114' title="bbox 1063 2832 1871 2905; baseline -0.006 -18"><span class='ocrx_word' id='word_1_826' title='bbox 1063 2834 1183 2888; x_wconf 84' lang='lat' dir='ltr'><em>stantiae</em></span> <span class='ocrx_word' id='word_1_827' title='bbox 1205 2835 1242 2888; x_wconf 90' lang='lat' dir='ltr'><em>oli</em></span> <span class='ocrx_word' id='word_1_828' title='bbox 1251 2833 1402 2905; x_wconf 79' lang='lat' dir='ltr'><em>Lampadio</em></span> <span class='ocrx_word' id='word_1_829' title='bbox 1411 2844 1439 2887; x_wconf 90' lang='lat' dir='ltr'><em>et</em></span> <span class='ocrx_word' id='word_1_830' title='bbox 1449 2835 1541 2887; x_wconf 82' lang='lat' dir='ltr'><em>Oreste</em></span> <span class='ocrx_word' id='word_1_831' title='bbox 1551 2851 1588 2888; x_wconf 86' lang='grc' dir='ltr'><em>υυ.</em></span> <span class='ocrx_word' id='word_1_832' title='bbox 1599 2850 1636 2886; x_wconf 88' lang='lat' dir='ltr'><em>cc.</em></span> <span class='ocrx_word' id='word_1_833' title='bbox 1646 2849 1733 2887; x_wconf 86' lang='lat' dir='ltr'><em>conss.</em></span> <span class='ocrx_word' id='word_1_834' title='bbox 1759 2834 1795 2901; x_wconf 92' lang='grc' dir='ltr'><em>[α.</em></span> <span class='ocrx_word' id='word_1_835' title='bbox 1806 2832 1871 2901; x_wconf 80' lang='grc'>533]</span> 
     </span>
    </p>

    <p class='ocr_par' dir='ltr' id='par_1_9' title="bbox 1064 2896 1873 3844">
     <span class='ocr_line' id='line_1_115' title="bbox 1098 2896 1871 2979; baseline -0.006 -22"><span class='ocrx_word' id='word_1_836' title='bbox 1098 2896 1139 2957; x_wconf 81' lang='lat'><em>28</em></span> <span class='ocrx_word' id='word_1_837' title='bbox 1163 2901 1249 2955; x_wconf 66' lang='grc' dir='ltr'><em>Βιίεια</em></span> <span class='ocrx_word' id='word_1_838' title='bbox 1272 2902 1303 2955; x_wconf 71' lang='lat' dir='ltr'><strong><em>A</em></strong></span> <span class='ocrx_word' id='word_1_839' title='bbox 1322 2900 1431 2954; x_wconf 81' lang='grc' dir='ltr'><strong><em>Ιιιίίιιιιο</em></strong></span> <span class='ocrx_word' id='word_1_840' title='bbox 1453 2919 1499 2971; x_wconf 89' lang='lat' dir='ltr'><em>pp.</em></span> <span class='ocrx_word' id='word_1_841' title='bbox 1544 2901 1611 2952; x_wconf 87' lang='lat' dir='ltr'><em>Tam</em></span> <span class='ocrx_word' id='word_1_842' title='bbox 1637 2900 1763 2953; x_wconf 89' lang='lat' dir='ltr'><em>dementis</em></span> <span class='ocrx_word' id='word_1_843' title='bbox 1791 2915 1871 2979; x_wconf 79' lang='lat' dir='ltr'><em>quarn</em></span> 
     </span>
     <span class='ocr_line' id='line_1_116' title="bbox 1064 2967 1872 3036; baseline -0.001 -15"><span class='ocrx_word' id='word_1_844' title='bbox 1064 2967 1158 3021; x_wconf 75' lang='lat' dir='ltr'><em>furiosi</em></span> <span class='ocrx_word' id='word_1_845' title='bbox 1184 2968 1260 3022; x_wconf 90' lang='lat' dir='ltr'><em>liberi</em></span> <span class='ocrx_word' id='word_1_846' title='bbox 1283 2969 1471 3035; x_wconf 89' lang='lat' dir='ltr'><em>cuiuscumque</em></span> <span class='ocrx_word' id='word_1_847' title='bbox 1494 2983 1573 3020; x_wconf 84' lang='lat' dir='ltr'><em>sexus</em></span> <span class='ocrx_word' id='word_1_848' title='bbox 1598 2973 1713 3036; x_wconf 89' lang='lat' dir='ltr'><em>possunt</em></span> <span class='ocrx_word' id='word_1_849' title='bbox 1740 2967 1872 3034; x_wconf 80' lang='lat' dir='ltr'><em>legitnnas</em></span> 
     </span>
     <span class='ocr_line' id='line_1_117' title="bbox 1065 3034 1871 3103; baseline 0 -16"><span class='ocrx_word' id='word_1_850' title='bbox 1065 3035 1221 3090; x_wconf 88' lang='lat' dir='ltr'><em>contrahere</em></span> <span class='ocrx_word' id='word_1_851' title='bbox 1246 3036 1366 3103; x_wconf 84' lang='lat' dir='ltr'><em>nuptias,</em></span> <span class='ocrx_word' id='word_1_852' title='bbox 1397 3041 1451 3088; x_wconf 89' lang='lat' dir='ltr'><em>tam</em></span> <span class='ocrx_word' id='word_1_853' title='bbox 1483 3034 1544 3088; x_wconf 84' lang='lat' dir='ltr'><em>dote</em></span> <span class='ocrx_word' id='word_1_854' title='bbox 1571 3050 1648 3101; x_wconf 83' lang='lat' dir='ltr'><em>qrram</em></span> <span class='ocrx_word' id='word_1_855' title='bbox 1674 3040 1736 3088; x_wconf 88' lang='lat' dir='ltr'><em>ante</em></span> <span class='ocrx_word' id='word_1_856' title='bbox 1762 3036 1871 3101; x_wconf 86' lang='lat' dir='ltr'><em>nuptias</em></span> 
     </span>
     <span class='ocr_line' id='line_1_118' title="bbox 1065 3101 1871 3170; baseline -0.001 -14"><span class='ocrx_word' id='word_1_857' title='bbox 1065 3102 1208 3157; x_wconf 89' lang='lat' dir='ltr'><em>donatione</em></span> <span class='ocrx_word' id='word_1_858' title='bbox 1234 3118 1251 3156; x_wconf 91' lang='lat' dir='ltr'><em>a</em></span> <span class='ocrx_word' id='word_1_859' title='bbox 1276 3109 1400 3157; x_wconf 85' lang='lat' dir='ltr'><em>curatore</em></span> <span class='ocrx_word' id='word_1_860' title='bbox 1424 3117 1515 3156; x_wconf 81' lang='lat' dir='ltr'><em>sonim</em></span> <span class='ocrx_word' id='word_1_861' title='bbox 1542 3101 1715 3170; x_wconf 88' lang='lat' dir='ltr'><em>praestanda:</em></span> <span class='ocrx_word' id='word_1_862' title='bbox 1745 3101 1871 3155; x_wconf 88' lang='lat' dir='ltr'><em>aestima·</em></span> 
     </span>
     <span class='ocr_line' id='line_1_119' title="bbox 1064 3168 1871 3236; baseline -0.002 -14"><span class='ocrx_word' id='word_1_863' title='bbox 1064 3171 1138 3222; x_wconf 90' lang='lat' dir='ltr'><em>tione</em></span> <span class='ocrx_word' id='word_1_864' title='bbox 1158 3177 1248 3224; x_wconf 83' lang='lat' dir='ltr'><em>tamen</em></span> <span class='ocrx_word' id='word_1_865' title='bbox 1270 3171 1299 3223; x_wconf 91' lang='lat' dir='ltr'><em>in</em></span> <span class='ocrx_word' id='word_1_866' title='bbox 1321 3171 1373 3222; x_wconf 88' lang='lat' dir='ltr'><em>hac</em></span> <span class='ocrx_word' id='word_1_867' title='bbox 1396 3170 1500 3236; x_wconf 90' lang='lat' dir='ltr'><em>quidem</em></span> <span class='ocrx_word' id='word_1_868' title='bbox 1524 3170 1596 3236; x_wconf 81' lang='lat' dir='ltr'><em>regia</em></span> <span class='ocrx_word' id='word_1_869' title='bbox 1619 3170 1686 3223; x_wconf 89' lang='lat' dir='ltr'><em>urbe</em></span> <span class='ocrx_word' id='word_1_870' title='bbox 1703 3168 1871 3222; x_wconf 86' lang='lat' dir='ltr'><em>excellentis·</em></span> 
     </span>
     <span class='ocr_line' id='line_1_120' title="bbox 1065 3237 1872 3315; baseline 0 -25"><span class='ocrx_word' id='word_1_871' title='bbox 1065 3237 1124 3290; x_wconf 90' lang='lat' dir='ltr'><em>simi</em></span> <span class='ocrx_word' id='word_1_872' title='bbox 1149 3238 1280 3305; x_wconf 81' lang='lat' dir='ltr'><em>praetecti</em></span> <span class='ocrx_word' id='word_1_873' title='bbox 1305 3239 1394 3300; x_wconf 87' lang='lat' dir='ltr'><em>urbis,</em></span> <span class='ocrx_word' id='word_1_874' title='bbox 1419 3238 1447 3290; x_wconf 90' lang='lat' dir='ltr'><em>in</em></span> <span class='ocrx_word' id='word_1_875' title='bbox 1473 3237 1614 3315; x_wconf 83' lang='lat' dir='ltr'><em>provinciis</em></span> <span class='ocrx_word' id='word_1_876' title='bbox 1642 3242 1731 3291; x_wconf 84' lang='lat' dir='ltr'><em>autern</em></span> <span class='ocrx_word' id='word_1_877' title='bbox 1754 3237 1872 3290; x_wconf 89' lang='lat' dir='ltr'><em>virorum</em></span> 
     </span>
     <span class='ocr_line' id='line_1_121' title="bbox 1065 3303 1870 3372; baseline -0.001 -15"><span class='ocrx_word' id='word_1_878' title='bbox 1065 3304 1269 3358; x_wconf 85' lang='lat' dir='ltr'><em>clarissimorum</em></span> <span class='ocrx_word' id='word_1_879' title='bbox 1287 3320 1378 3358; x_wconf 88' lang='lat' dir='ltr'><em>aarum</em></span> <span class='ocrx_word' id='word_1_880' title='bbox 1394 3304 1546 3372; x_wconf 80' lang='lat' dir='ltr'><em>praesidum</em></span> <span class='ocrx_word' id='word_1_881' title='bbox 1563 3304 1604 3357; x_wconf 88' lang='lat' dir='ltr'><em>rel</em></span> <span class='ocrx_word' id='word_1_882' title='bbox 1628 3304 1748 3357; x_wconf 89' lang='lat' dir='ltr'><em>locorum</em></span> <span class='ocrx_word' id='word_1_883' title='bbox 1764 3303 1870 3357; x_wconf 91' lang='lat' dir='ltr'><em>antisti-</em></span> 
     </span>
     <span class='ocr_line' id='line_1_122' title="bbox 1065 3371 1871 3440; baseline 0.001 -17"><span class='ocrx_word' id='word_1_884' title='bbox 1065 3379 1121 3424; x_wconf 90' lang='lat' dir='ltr'><em>tum</em></span> <span class='ocrx_word' id='word_1_885' title='bbox 1144 3375 1199 3425; x_wconf 87' lang='lat' dir='ltr'><em>tam</em></span> <span class='ocrx_word' id='word_1_886' title='bbox 1222 3373 1345 3440; x_wconf 88' lang='lat' dir='ltr'><em>opinione</em></span> <span class='ocrx_word' id='word_1_887' title='bbox 1362 3387 1491 3440; x_wconf 88' lang='lat' dir='ltr'><em>personae</em></span> <span class='ocrx_word' id='word_1_888' title='bbox 1510 3386 1588 3438; x_wconf 86' lang='lat' dir='ltr'><em>quam</em></span> <span class='ocrx_word' id='word_1_889' title='bbox 1606 3371 1805 3424; x_wconf 80' lang='lat' dir='ltr'><em>moderatione⁹</em></span> <span class='ocrx_word' id='word_1_890' title='bbox 1823 3372 1871 3424; x_wconf 90' lang='lat' dir='ltr'><em>do·</em></span> 
     </span>
     <span class='ocr_line' id='line_1_123' title="bbox 1065 3438 1871 3516; baseline 0 -26"><span class='ocrx_word' id='word_1_891' title='bbox 1065 3438 1100 3491; x_wconf 91' lang='lat' dir='ltr'><em>tis</em></span> <span class='ocrx_word' id='word_1_892' title='bbox 1123 3445 1150 3492; x_wconf 88' lang='lat' dir='ltr'><em>et</em></span> <span class='ocrx_word' id='word_1_893' title='bbox 1172 3442 1236 3492; x_wconf 87' lang='lat' dir='ltr'><em>ante</em></span> <span class='ocrx_word' id='word_1_894' title='bbox 1256 3440 1363 3507; x_wconf 89' lang='lat' dir='ltr'><em>nuptias</em></span> <span class='ocrx_word' id='word_1_895' title='bbox 1385 3438 1533 3492; x_wconf 88' lang='lat' dir='ltr'><em>donationis</em></span> <span class='ocrx_word' id='word_1_896' title='bbox 1556 3438 1705 3503; x_wconf 85' lang='lat' dir='ltr'><em>statuenda,</em></span> <span class='ocrx_word' id='word_1_897' title='bbox 1723 3439 1871 3516; x_wconf 88' lang='lat' dir='ltr'><em>praesenti·</em></span> 
     </span>
     <span class='ocr_line' id='line_1_124' title="bbox 1065 3505 1872 3573; baseline 0.001 -15"><span class='ocrx_word' id='word_1_898' title='bbox 1065 3505 1115 3559; x_wconf 93' lang='lat' dir='ltr'><em>bus</em></span> <span class='ocrx_word' id='word_1_899' title='bbox 1133 3512 1189 3559; x_wconf 88' lang='lat' dir='ltr'><em>tam</em></span> <span class='ocrx_word' id='word_1_900' title='bbox 1206 3506 1374 3561; x_wconf 78' lang='lat' dir='ltr'><em>amatoribus</em></span> <span class='ocrx_word' id='word_1_901' title='bbox 1396 3505 1524 3559; x_wconf 88' lang='lat' dir='ltr'><em>dementis</em></span> <span class='ocrx_word' id='word_1_902' title='bbox 1541 3520 1620 3573; x_wconf 86' lang='lat' dir='ltr'><em>qnam</em></span> <span class='ocrx_word' id='word_1_903' title='bbox 1637 3506 1732 3559; x_wconf 88' lang='lat' dir='ltr'><em>luriosr</em></span> <span class='ocrx_word' id='word_1_904' title='bbox 1749 3521 1799 3559; x_wconf 89' lang='lat' dir='ltr'><em>nee</em></span> <span class='ocrx_word' id='word_1_905' title='bbox 1817 3521 1872 3559; x_wconf 92' lang='lat' dir='ltr'><em>non</em></span> 
     </span>
     <span class='ocr_line' id='line_1_125' title="bbox 1065 3571 1871 3641; baseline 0.001 -16"><span class='ocrx_word' id='word_1_906' title='bbox 1065 3571 1146 3639; x_wconf 86' lang='lat' dir='ltr'><em>his¹⁰,</em></span> <span class='ocrx_word' id='word_1_907' title='bbox 1170 3575 1216 3641; x_wconf 87' lang='lat' dir='ltr'><em>qui</em></span> <span class='ocrx_word' id='word_1_908' title='bbox 1236 3588 1270 3627; x_wconf 87' lang='lat' dir='ltr'><em>ex</em></span> <span class='ocrx_word' id='word_1_909' title='bbox 1289 3588 1387 3640; x_wconf 81' lang='lat' dir='ltr'><em>genero</em></span> <span class='ocrx_word' id='word_1_910' title='bbox 1408 3588 1498 3626; x_wconf 91' lang='lat' dir='ltr'><em>eorum</em></span> <span class='ocrx_word' id='word_1_911' title='bbox 1522 3573 1664 3626; x_wconf 87' lang='lat' dir='ltr'><em>nobiliores</em></span> <span class='ocrx_word' id='word_1_912' title='bbox 1682 3578 1756 3633; x_wconf 89' lang='lat' dir='ltr'><em>sunt,</em></span> <span class='ocrx_word' id='word_1_913' title='bbox 1775 3573 1813 3626; x_wconf 87' lang='lat' dir='ltr'><em>ita</em></span> <span class='ocrx_word' id='word_1_914' title='bbox 1829 3578 1871 3626; x_wconf 86' lang='lat' dir='ltr'><em>ta·</em></span> 
     </span>
     <span class='ocr_line' id='line_1_126' title="bbox 1065 3639 1872 3707; baseline 0.001 -15"><span class='ocrx_word' id='word_1_915' title='bbox 1065 3655 1133 3703; x_wconf 85' lang='lat' dir='ltr'><em>men,</em></span> <span class='ocrx_word' id='word_1_916' title='bbox 1151 3645 1183 3695; x_wconf 89' lang='lat' dir='ltr'><em>ut</em></span> <span class='ocrx_word' id='word_1_917' title='bbox 1199 3641 1272 3694; x_wconf 85' lang='lat' dir='ltr'><em>nulla</em></span> <span class='ocrx_word' id='word_1_918' title='bbox 1289 3656 1322 3695; x_wconf 82' lang='lat' dir='ltr'><em>ex</em></span> <span class='ocrx_word' id='word_1_919' title='bbox 1339 3640 1390 3693; x_wconf 89' lang='lat' dir='ltr'><em>hac</em></span> <span class='ocrx_word' id='word_1_920' title='bbox 1408 3656 1490 3695; x_wconf 88' lang='lat' dir='ltr'><em>causa</em></span> <span class='ocrx_word' id='word_1_921' title='bbox 1508 3639 1609 3693; x_wconf 86' lang='lat' dir='ltr'><em>oriatur</em></span> <span class='ocrx_word' id='word_1_922' title='bbox 1623 3640 1665 3693; x_wconf 88' lang='lat' dir='ltr'><em>rel</em></span> <span class='ocrx_word' id='word_1_923' title='bbox 1681 3641 1709 3692; x_wconf 92' lang='lat' dir='ltr'><em>in</em></span> <span class='ocrx_word' id='word_1_924' title='bbox 1726 3640 1778 3693; x_wconf 88' lang='lat' dir='ltr'><em>hac</em></span> <span class='ocrx_word' id='word_1_925' title='bbox 1796 3641 1872 3707; x_wconf 77' lang='lat' dir='ltr'><em>regia</em></span> 
     </span>
     <span class='ocr_line' id='line_1_127' title="bbox 1065 3706 1873 3776; baseline 0.005 -17"><span class='ocrx_word' id='word_1_926' title='bbox 1065 3708 1132 3761; x_wconf 88' lang='lat' dir='ltr'><em>urbe</em></span> <span class='ocrx_word' id='word_1_927' title='bbox 1157 3708 1200 3761; x_wconf 84' lang='lat' dir='ltr'><em>rel</em></span> <span class='ocrx_word' id='word_1_928' title='bbox 1224 3709 1252 3760; x_wconf 94' lang='lat' dir='ltr'><em>in</em></span> <span class='ocrx_word' id='word_1_929' title='bbox 1276 3708 1419 3776; x_wconf 82' lang='lat' dir='ltr'><em>provinciis</em></span> <span class='ocrx_word' id='word_1_930' title='bbox 1445 3708 1550 3761; x_wconf 86' lang='lat' dir='ltr'><em>iactura</em></span> <span class='ocrx_word' id='word_1_931' title='bbox 1579 3706 1745 3760; x_wconf 88' lang='lat' dir='ltr'><em>substantiae</em></span> <span class='ocrx_word' id='word_1_932' title='bbox 1776 3706 1873 3763; x_wconf 75' lang='lat' dir='ltr'><em>inmosi</em></span> 
     </span>
     <span class='ocr_line' id='line_1_128' title="bbox 1064 3772 1873 3844; baseline 0.002 -17"><span class='ocrx_word' id='word_1_933' title='bbox 1064 3775 1136 3828; x_wconf 80' lang='grc' dir='ltr'><em>υεΙ11</em></span> <span class='ocrx_word' id='word_1_934' title='bbox 1159 3780 1247 3828; x_wconf 86' lang='lat' dir='ltr'><em>mente</em></span> <span class='ocrx_word' id='word_1_935' title='bbox 1270 3775 1353 3844; x_wconf 85' lang='lat' dir='ltr'><em>capti,</em></span> <span class='ocrx_word' id='word_1_936' title='bbox 1376 3774 1423 3829; x_wconf 85' lang='lat' dir='ltr'><em>sed</em></span> <span class='ocrx_word' id='word_1_937' title='bbox 1444 3775 1526 3841; x_wconf 81' lang='lat' dir='ltr'><em>gratis</em></span> <span class='ocrx_word' id='word_1_938' title='bbox 1550 3775 1639 3827; x_wconf 89' lang='lat' dir='ltr'><em>omnia</em></span> <span class='ocrx_word' id='word_1_939' title='bbox 1655 3772 1813 3842; x_wconf 85' lang='lat' dir='ltr'><em>procedant,</em></span> <span class='ocrx_word' id='word_1_940' title='bbox 1838 3789 1873 3829; x_wconf 90' lang='lat' dir='ltr'><em>ne</em></span> 
     </span>
    </p>
   </div>
   <div class='ocr_carea' id='block_1_8' title="bbox 1064 3944 1874 4214">
    <p class='ocr_par' dir='ltr' id='par_1_10' title="bbox 1064 3944 1874 4214">
     <span class='ocr_line' id='line_1_129' title="bbox 1064 3944 1874 4010; baseline 0.001 -15"><span class='ocrx_word' id='word_1_941' title='bbox 1064 3945 1129 3995; x_wconf 90' lang='lat' dir='ltr'><em>mod.</em></span> <span class='ocrx_word' id='word_1_942' title='bbox 1152 3961 1215 4010; x_wconf 88' lang='lat' dir='ltr'><em>pers.</em></span> <span class='ocrx_word' id='word_1_943' title='bbox 1236 3945 1289 4007; x_wconf 85' lang='lat' dir='ltr'><em>CR,</em></span> <span class='ocrx_word' id='word_1_944' title='bbox 1310 3960 1374 4010; x_wconf 85' lang='lat' dir='ltr'><em>pars.</em></span> <span class='ocrx_word' id='word_1_945' title='bbox 1392 3965 1437 3996; x_wconf 89' lang='grc' dir='ltr'><strong><em>οιιι.</em></strong></span> <span class='ocrx_word' id='word_1_946' title='bbox 1456 3945 1492 3995; x_wconf 80' lang='lat' dir='ltr'><em>P⁰</em></span> <span class='ocrx_word' id='word_1_947' title='bbox 1583 3944 1874 4008; x_wconf 76' lang='lat' dir='ltr'><em>(10)tamcuratoribns</em></span> 
     </span>
     <span class='ocr_line' id='line_1_130' title="bbox 1065 4012 1871 4079; baseline -0.002 -16"><span class='ocrx_word' id='word_1_948' title='bbox 1065 4013 1186 4063; x_wconf 87' lang='lat' dir='ltr'><em>dementis</em></span> <span class='ocrx_word' id='word_1_949' title='bbox 1202 4012 1242 4061; x_wconf 84' lang='lat' dir='ltr'><em>rel</em></span> <span class='ocrx_word' id='word_1_950' title='bbox 1259 4013 1348 4063; x_wconf 85' lang='lat' dir='ltr'><em>iuriosi</em></span> <span class='ocrx_word' id='word_1_951' title='bbox 1366 4028 1439 4076; x_wconf 87' lang='lat' dir='ltr'><em>quam</em></span> <span class='ocrx_word' id='word_1_952' title='bbox 1456 4013 1496 4062; x_wconf 89' lang='lat' dir='ltr'><em>his</em></span> <span class='ocrx_word' id='word_1_953' title='bbox 1514 4014 1529 4063; x_wconf 88' lang='grc' dir='ltr'><em>ί.</em></span> <span class='ocrx_word' id='word_1_954' title='bbox 1546 4032 1621 4079; x_wconf 76' lang='lat' dir='ltr'><em>pem:</em></span> <span class='ocrx_word' id='word_1_955' title='bbox 1637 4016 1722 4079; x_wconf 86' lang='lat' dir='ltr'><em>fuitne</em></span> <span class='ocrx_word' id='word_1_956' title='bbox 1738 4018 1789 4063; x_wconf 81' lang='lat' dir='ltr'><em>um</em></span> <span class='ocrx_word' id='word_1_957' title='bbox 1807 4012 1871 4062; x_wconf 86' lang='lat' dir='ltr'><em>dem.</em></span> 
     </span>
     <span class='ocr_line' id='line_1_131' title="bbox 1066 4080 1873 4145; baseline 0.002 -16"><span class='ocrx_word' id='word_1_958' title='bbox 1066 4096 1141 4143; x_wconf 85' lang='lat' dir='ltr'><em>quam</em></span> <span class='ocrx_word' id='word_1_959' title='bbox 1158 4082 1206 4129; x_wconf 85' lang='lat' dir='ltr'><em>sur.</em></span> <span class='ocrx_word' id='word_1_960' title='bbox 1224 4084 1303 4139; x_wconf 75' lang='lat' dir='ltr'><em>curat,</em></span> <span class='ocrx_word' id='word_1_961' title='bbox 1321 4095 1366 4129; x_wconf 88' lang='lat' dir='ltr'><em>neo</em></span> <span class='ocrx_word' id='word_1_962' title='bbox 1384 4095 1434 4130; x_wconf 90' lang='lat' dir='ltr'><em>non</em></span> <span class='ocrx_word' id='word_1_963' title='bbox 1452 4081 1491 4129; x_wconf 87' lang='lat' dir='ltr'><em>his</em></span> <span class='ocrx_word' id='word_1_964' title='bbox 1514 4080 1687 4145; x_wconf 68' lang='lat' dir='ltr'><em>(ornaments</em></span> <span class='ocrx_word' id='word_1_965' title='bbox 1774 4082 1818 4145; x_wconf 85' lang='lat' dir='ltr'><em>(tt)</em></span> <span class='ocrx_word' id='word_1_966' title='bbox 1836 4082 1873 4131; x_wconf 81' lang='lat' dir='ltr'><em>sic</em></span> 
     </span>
     <span class='ocr_line' id='line_1_132' title="bbox 1067 4147 1513 4214; baseline 0.007 -18"><span class='ocrx_word' id='word_1_967' title='bbox 1067 4149 1083 4196; x_wconf 93' lang='lat' dir='ltr'><em>l.</em></span> <span class='ocrx_word' id='word_1_968' title='bbox 1101 4166 1174 4214; x_wconf 79' lang='lat' dir='ltr'><em>pem,</em></span> <span class='ocrx_word' id='word_1_969' title='bbox 1196 4147 1316 4198; x_wconf 87' lang='lat' dir='ltr'><em>dementis</em></span> <span class='ocrx_word' id='word_1_970' title='bbox 1333 4147 1373 4197; x_wconf 83' lang='lat' dir='ltr'><em>rel</em></span> <span class='ocrx_word' id='word_1_971' title='bbox 1391 4151 1435 4199; x_wconf 82' lang='lat' dir='ltr'><em>ias.</em></span> <span class='ocrx_word' id='word_1_972' title='bbox 1454 4149 1513 4199; x_wconf 84' lang='lat' dir='ltr'><em>libri</em></span> 
     </span>
    </p>
   </div>
   <div class='ocr_carea' id='block_1_9' title="bbox 1058 4343 1877 5765">
    <p class='ocr_par' dir='ltr' id='par_1_11' title="bbox 1058 4343 1877 5408">
     <span class='ocr_line' id='line_1_133' title="bbox 1066 4343 1874 4401; baseline 0.004 -3"><span class='ocrx_word' id='word_1_973' title='bbox 1066 4350 1095 4398; x_wconf 83' lang='lat'><em>15</em></span> <span class='ocrx_word' id='word_1_974' title='bbox 1130 4344 1244 4400; x_wconf 84' lang='lat' dir='ltr'><em>lotorem</em></span> <span class='ocrx_word' id='word_1_975' title='bbox 1278 4363 1333 4400; x_wconf 86' lang='lat' dir='ltr'><em>non</em></span> <span class='ocrx_word' id='word_1_976' title='bbox 1366 4347 1457 4401; x_wconf 88' lang='lat' dir='ltr'><em>statim</em></span> <span class='ocrx_word' id='word_1_977' title='bbox 1489 4345 1712 4401; x_wconf 61' lang='lat' dir='ltr'><em>&amp;manuteneant</em></span> <span class='ocrx_word' id='word_1_978' title='bbox 1761 4343 1874 4401; x_wconf 82' lang='lat' dir='ltr'><em>Scilicet</em></span> 
     </span>
     <span class='ocr_line' id='line_1_134' title="bbox 1062 4413 1874 4492; baseline 0.002 -27"><span class='ocrx_word' id='word_1_979' title='bbox 1062 4428 1119 4466; x_wconf 85' lang='lat' dir='ltr'><em>aon</em></span> <span class='ocrx_word' id='word_1_980' title='bbox 1136 4414 1300 4492; x_wconf 83' lang='lat' dir='ltr'><em>permittant</em></span> <span class='ocrx_word' id='word_1_981' title='bbox 1319 4430 1405 4485; x_wconf 80' lang='grc' dir='ltr'><strong><em>εαμνιι</em></strong></span> <span class='ocrx_word' id='word_1_982' title='bbox 1426 4413 1533 4467; x_wconf 78' lang='lat' dir='ltr'><em>modeim</em></span> <span class='ocrx_word' id='word_1_983' title='bbox 1561 4422 1657 4468; x_wconf 73' lang='grc' dir='ltr'><strong><em>ποιων</em></strong></span> <span class='ocrx_word' id='word_1_984' title='bbox 1678 4414 1874 4467; x_wconf 80' lang='lat' dir='ltr'><em>corastitutione</em></span> 
     </span>
     <span class='ocr_line' id='line_1_135' title="bbox 1063 4478 1862 4552; baseline 0.003 -19"><span class='ocrx_word' id='word_1_985' title='bbox 1063 4478 1202 4548; x_wconf 72' lang='lat' dir='ltr'><em>definitum</em></span> <span class='ocrx_word' id='word_1_986' title='bbox 1222 4481 1408 4552; x_wconf 76' lang='lat' dir='ltr'><em>sportularum</em></span> <span class='ocrx_word' id='word_1_987' title='bbox 1429 4482 1537 4537; x_wconf 87' lang='lat' dir='ltr'><em>nomine</em></span> <span class='ocrx_word' id='word_1_988' title='bbox 1563 4481 1631 4551; x_wconf 78' lang='lat' dir='ltr'><em>quid</em></span> <span class='ocrx_word' id='word_1_989' title='bbox 1653 4482 1729 4551; x_wconf 74' lang='lat' dir='ltr'><em>enipi</em></span> <span class='ocrx_word' id='word_1_990' title='bbox 1757 4480 1799 4534; x_wconf 85' lang='lat' dir='ltr'><em>nel</em></span> <span class='ocrx_word' id='word_1_991' title='bbox 1825 4480 1862 4535; x_wconf 84' lang='lat' dir='ltr'><em>de</em></span> 
     </span>
     <span class='ocr_line' id='line_1_136' title="bbox 1062 4546 1875 4618; baseline 0.002 -18"><span class='ocrx_word' id='word_1_992' title='bbox 1062 4548 1236 4618; x_wconf 69' lang='lat' dir='ltr'><em>scriptionem</em></span> <span class='ocrx_word' id='word_1_993' title='bbox 1269 4564 1308 4603; x_wconf 71' lang='lat' dir='ltr'><em>ecc</em></span> <span class='ocrx_word' id='word_1_994' title='bbox 1341 4546 1503 4618; x_wconf 77' lang='lat' dir='ltr'><em>paribuslibet</em></span> <span class='ocrx_word' id='word_1_995' title='bbox 1536 4550 1628 4602; x_wconf 79' lang='grc' dir='ltr'><strong><em>οαιιεὶε</em></strong></span> <span class='ocrx_word' id='word_1_996' title='bbox 1657 4550 1687 4601; x_wconf 85' lang='lat' dir='ltr'><em>in</em></span> <span class='ocrx_word' id='word_1_997' title='bbox 1718 4548 1875 4602; x_wconf 83' lang='lat' dir='ltr'><em>ciuitatibus</em></span> 
     </span>
     <span class='ocr_line' id='line_1_137' title="bbox 1058 4615 1874 4694; baseline 0.001 -26"><span class='ocrx_word' id='word_1_998' title='bbox 1058 4622 1177 4686; x_wconf 87' lang='lat' dir='ltr'><em>propter</em></span> <span class='ocrx_word' id='word_1_999' title='bbox 1193 4616 1377 4669; x_wconf 85' lang='lat' dir='ltr'><em>necessitatem</em></span> <span class='ocrx_word' id='word_1_1000' title='bbox 1389 4616 1462 4694; x_wconf 76' lang='lat' dir='ltr'><em>fieri,</em></span> <span class='ocrx_word' id='word_1_1001' title='bbox 1479 4615 1533 4670; x_wconf 79' lang='lat' dir='ltr'><em>nisi</em></span> <span class='ocrx_word' id='word_1_1002' title='bbox 1550 4615 1734 4670; x_wconf 86' lang='lat' dir='ltr'><em>tantummodo</em></span> <span class='ocrx_word' id='word_1_1003' title='bbox 1754 4630 1793 4669; x_wconf 77' lang='lat' dir='ltr'><em>ea</em></span> <span class='ocrx_word' id='word_1_1004' title='bbox 1816 4615 1874 4669; x_wconf 76' lang='lat' dir='ltr'><em>ilis</em></span> 
     </span>
     <span class='ocr_line' id='line_1_138' title="bbox 1064 4681 1873 4754; baseline -0.001 -18"><span class='ocrx_word' id='word_1_1005' title='bbox 1064 4683 1167 4746; x_wconf 85' lang='lat' dir='ltr'><em>censis,</em></span> <span class='ocrx_word' id='word_1_1006' title='bbox 1193 4683 1265 4736; x_wconf 83' lang='lat' dir='ltr'><em>uelut</em></span> <span class='ocrx_word' id='word_1_1007' title='bbox 1287 4681 1321 4736; x_wconf 86' lang='lat' dir='ltr'><em>de</em></span> <span class='ocrx_word' id='word_1_1008' title='bbox 1340 4683 1523 4737; x_wconf 68' lang='lat' dir='ltr'><em>instructione</em></span> <span class='ocrx_word' id='word_1_1009' title='bbox 1540 4683 1745 4754; x_wconf 82' lang='lat' dir='ltr'><em>promotionum</em></span> <span class='ocrx_word' id='word_1_1010' title='bbox 1762 4688 1790 4735; x_wconf 90' lang='lat' dir='ltr'><em>et</em></span> <span class='ocrx_word' id='word_1_1011' title='bbox 1806 4697 1873 4736; x_wconf 85' lang='lat' dir='ltr'><em>con-</em></span> 
     </span>
     <span class='ocr_line' id='line_1_139' title="bbox 1062 4750 1873 4820; baseline -0.001 -17"><span class='ocrx_word' id='word_1_1012' title='bbox 1062 4750 1231 4803; x_wconf 86' lang='lat' dir='ltr'><em>stitutionum</em></span> <span class='ocrx_word' id='word_1_1013' title='bbox 1248 4756 1275 4803; x_wconf 87' lang='lat' dir='ltr'><em>et</em></span> <span class='ocrx_word' id='word_1_1014' title='bbox 1291 4766 1433 4804; x_wconf 77' lang='lat' dir='ltr'><em>sacrmrtm</em></span> <span class='ocrx_word' id='word_1_1015' title='bbox 1450 4750 1492 4805; x_wconf 86' lang='lat' dir='ltr'><em>oct</em></span> <span class='ocrx_word' id='word_1_1016' title='bbox 1511 4750 1678 4820; x_wconf 78' lang='lat' dir='ltr'><em>pancratium</em></span> <span class='ocrx_word' id='word_1_1017' title='bbox 1695 4751 1873 4803; x_wconf 85' lang='lat' dir='ltr'><em>commonito-</em></span> 
     </span>
     <span class='ocr_line' id='line_1_140' title="bbox 1063 4816 1873 4888; baseline 0.002 -20"><span class='ocrx_word' id='word_1_1018' title='bbox 1063 4816 1166 4869; x_wconf 78' lang='lat' dir='ltr'><em>riorum</em></span> <span class='ocrx_word' id='word_1_1019' title='bbox 1176 4816 1218 4871; x_wconf 85' lang='lat' dir='ltr'><em>cel</em></span> <span class='ocrx_word' id='word_1_1020' title='bbox 1223 4818 1378 4887; x_wconf 67' lang='lat' dir='ltr'><em>soenorum</em></span> <span class='ocrx_word' id='word_1_1021' title='bbox 1388 4818 1430 4872; x_wconf 84' lang='lat' dir='ltr'><em>nel</em></span> <span class='ocrx_word' id='word_1_1022' title='bbox 1437 4816 1614 4888; x_wconf 81' lang='lat' dir='ltr'><em>epistolarum</em></span> <span class='ocrx_word' id='word_1_1023' title='bbox 1622 4816 1873 4871; x_wconf 75' lang='lat' dir='ltr'><em>etdeceterr&#39;seins-</em></span> 
     </span>
     <span class='ocr_line' id='line_1_141' title="bbox 1063 4882 1873 4955; baseline 0.001 -20"><span class='ocrx_word' id='word_1_1024' title='bbox 1063 4882 1144 4947; x_wconf 78' lang='lat' dir='ltr'><em>morli,</em></span> <span class='ocrx_word' id='word_1_1025' title='bbox 1157 4882 1190 4937; x_wconf 83' lang='lat' dir='ltr'><em>ele</em></span> <span class='ocrx_word' id='word_1_1026' title='bbox 1203 4884 1301 4953; x_wconf 76' lang='lat' dir='ltr'><em>quibru</em></span> <span class='ocrx_word' id='word_1_1027' title='bbox 1314 4891 1395 4941; x_wconf 85' lang='lat' dir='ltr'><em>antea</em></span> <span class='ocrx_word' id='word_1_1028' title='bbox 1406 4884 1558 4948; x_wconf 70' lang='lat' dir='ltr'><em>scierimus,</em></span> <span class='ocrx_word' id='word_1_1029' title='bbox 1570 4892 1597 4937; x_wconf 83' lang='lat' dir='ltr'><em>et</em></span> <span class='ocrx_word' id='word_1_1030' title='bbox 1606 4900 1676 4954; x_wconf 84' lang='lat' dir='ltr'><em>quoe</em></span> <span class='ocrx_word' id='word_1_1031' title='bbox 1684 4883 1873 4955; x_wconf 82' lang='lat' dir='ltr'><em>obproprium</em></span> 
     </span>
     <span class='ocr_line' id='line_1_142' title="bbox 1062 4949 1875 5023; baseline 0 -20"><span class='ocrx_word' id='word_1_1032' title='bbox 1062 4949 1205 5007; x_wconf 81' lang='lat' dir='ltr'><em>utilitatem</em></span> <span class='ocrx_word' id='word_1_1033' title='bbox 1219 4949 1261 5005; x_wconf 86' lang='lat' dir='ltr'><em>oet</em></span> <span class='ocrx_word' id='word_1_1034' title='bbox 1273 4952 1386 5005; x_wconf 86' lang='lat' dir='ltr'><em>salutem</em></span> <span class='ocrx_word' id='word_1_1035' title='bbox 1401 4952 1471 5006; x_wconf 85' lang='lat' dir='ltr'><em>ciues</em></span> <span class='ocrx_word' id='word_1_1036' title='bbox 1482 4952 1511 5003; x_wconf 89' lang='lat' dir='ltr'><em>in</em></span> <span class='ocrx_word' id='word_1_1037' title='bbox 1524 4949 1727 5023; x_wconf 81' lang='lat' dir='ltr'><em>operopnblico</em></span> <span class='ocrx_word' id='word_1_1038' title='bbox 1734 4951 1813 5021; x_wconf 78' lang='lat' dir='ltr'><em>forte</em></span> <span class='ocrx_word' id='word_1_1039' title='bbox 1830 4952 1875 5005; x_wconf 86' lang='grc' dir='ltr'><strong><em>ιϊί</em></strong></span> 
     </span>
     <span class='ocr_line' id='line_1_143' title="bbox 1062 5016 1871 5089; baseline 0 -21"><span class='ocrx_word' id='word_1_1040' title='bbox 1062 5016 1091 5069; x_wconf 91' lang='lat' dir='ltr'><em>in</em></span> <span class='ocrx_word' id='word_1_1041' title='bbox 1113 5017 1241 5071; x_wconf 87' lang='lat' dir='ltr'><em>sitoniam</em></span> <span class='ocrx_word' id='word_1_1042' title='bbox 1262 5018 1304 5072; x_wconf 84' lang='grc' dir='ltr'><strong><em>υιί</em></strong></span> <span class='ocrx_word' id='word_1_1043' title='bbox 1324 5019 1355 5072; x_wconf 90' lang='lat' dir='ltr'><em>in</em></span> <span class='ocrx_word' id='word_1_1044' title='bbox 1376 5018 1458 5071; x_wconf 84' lang='lat' dir='ltr'><em>alium</em></span> <span class='ocrx_word' id='word_1_1045' title='bbox 1475 5016 1509 5071; x_wconf 91' lang='lat' dir='ltr'><em>ob</em></span> <span class='ocrx_word' id='word_1_1046' title='bbox 1528 5018 1650 5072; x_wconf 76' lang='lat' dir='ltr'><em>ominbus</em></span> <span class='ocrx_word' id='word_1_1047' title='bbox 1666 5016 1871 5089; x_wconf 85' lang='lat' dir='ltr'><em>comprobatum</em></span> 
     </span>
     <span class='ocr_line' id='line_1_144' title="bbox 1063 5084 1877 5157; baseline 0 -20"><span class='ocrx_word' id='word_1_1048' title='bbox 1063 5099 1173 5138; x_wconf 85' lang='lat' dir='ltr'><em>oausam</em></span> <span class='ocrx_word' id='word_1_1049' title='bbox 1196 5084 1367 5140; x_wconf 79' lang='lat' dir='ltr'><em>tibmalitctis</em></span> <span class='ocrx_word' id='word_1_1050' title='bbox 1388 5086 1481 5157; x_wconf 67' lang='lat' dir='ltr'><em>motio</em></span> <span class='ocrx_word' id='word_1_1051' title='bbox 1502 5086 1598 5155; x_wconf 80' lang='lat' dir='ltr'><em>secere</em></span> <span class='ocrx_word' id='word_1_1052' title='bbox 1620 5085 1716 5149; x_wconf 86' lang='lat' dir='ltr'><em>uelint,</em></span> <span class='ocrx_word' id='word_1_1053' title='bbox 1738 5100 1811 5155; x_wconf 84' lang='lat' dir='ltr'><em>quae</em></span> <span class='ocrx_word' id='word_1_1054' title='bbox 1834 5085 1877 5137; x_wconf 84' lang='grc' dir='ltr'><em>αιί</em></span> 
     </span>
     <span class='ocr_line' id='line_1_145' title="bbox 1062 5152 1875 5223; baseline -0.001 -18"><span class='ocrx_word' id='word_1_1055' title='bbox 1062 5166 1228 5205; x_wconf 84' lang='lat' dir='ltr'><em>communem</em></span> <span class='ocrx_word' id='word_1_1056' title='bbox 1250 5152 1369 5207; x_wconf 74' lang='lat' dir='ltr'><em>cinitotis</em></span> <span class='ocrx_word' id='word_1_1057' title='bbox 1389 5152 1534 5207; x_wconf 86' lang='lat' dir='ltr'><em>utilitatem</em></span> <span class='ocrx_word' id='word_1_1058' title='bbox 1550 5160 1689 5223; x_wconf 83' lang='lat' dir='ltr'><em>spectant:</em></span> <span class='ocrx_word' id='word_1_1059' title='bbox 1711 5152 1741 5205; x_wconf 86' lang='lat' dir='ltr'><em>ia</em></span> <span class='ocrx_word' id='word_1_1060' title='bbox 1757 5167 1806 5206; x_wconf 85' lang='lat' dir='ltr'><em>eos</em></span> <span class='ocrx_word' id='word_1_1061' title='bbox 1823 5154 1875 5222; x_wconf 85' lang='lat' dir='ltr'><em>qui</em></span> 
     </span>
     <span class='ocr_line' id='line_1_146' title="bbox 1063 5217 1872 5297; baseline -0.001 -24"><span class='ocrx_word' id='word_1_1062' title='bbox 1063 5217 1130 5273; x_wconf 82' lang='lat' dir='ltr'><em>baec</em></span> <span class='ocrx_word' id='word_1_1063' title='bbox 1154 5219 1258 5273; x_wconf 84' lang='lat' dir='ltr'><em>uiolare</em></span> <span class='ocrx_word' id='word_1_1064' title='bbox 1283 5226 1333 5275; x_wconf 87' lang='lat' dir='ltr'><em>tcm</em></span> <span class='ocrx_word' id='word_1_1065' title='bbox 1356 5226 1412 5273; x_wconf 88' lang='lat' dir='ltr'><em>teat</em></span> <span class='ocrx_word' id='word_1_1066' title='bbox 1442 5228 1469 5275; x_wconf 88' lang='lat' dir='ltr'><em>et</em></span> <span class='ocrx_word' id='word_1_1067' title='bbox 1493 5220 1524 5275; x_wconf 87' lang='lat' dir='ltr'><em>in</em></span> <span class='ocrx_word' id='word_1_1068' title='bbox 1555 5220 1773 5291; x_wconf 80' lang='lat' dir='ltr'><em>relipiosissimos</em></span> <span class='ocrx_word' id='word_1_1069' title='bbox 1798 5220 1872 5297; x_wconf 83' lang='lat' dir='ltr'><em>epis-</em></span> 
     </span>
     <span class='ocr_line' id='line_1_147' title="bbox 1062 5236 1873 5408; baseline -0.001 -69"><span class='ocrx_word' id='word_1_1070' title='bbox 1062 5300 1147 5408; x_wconf 59' lang='grc' dir='ltr'><strong><em>ρφοτ</em></strong></span> <span class='ocrx_word' id='word_1_1071' title='bbox 1164 5286 1229 5407; x_wconf 30' lang='lat' dir='ltr'><em>uqa}</em></span> <span class='ocrx_word' id='word_1_1072' title='bbox 1244 5285 1275 5340; x_wconf 85' lang='lat' dir='ltr'><em>id</em></span> <span class='ocrx_word' id='word_1_1073' title='bbox 1299 5236 1420 5408; x_wconf 46' lang='lat' dir='ltr'><em>orsae}</em></span> <span class='ocrx_word' id='word_1_1074' title='bbox 1434 5287 1638 5407; x_wconf 54' lang='lat' dir='ltr'><em>nontrcsgrant</em></span> <span class='ocrx_word' id='word_1_1075' title='bbox 1658 5304 1701 5407; x_wconf 40' lang='grc' dir='ltr'><strong><em>ιρι·</em></strong></span> <span class='ocrx_word' id='word_1_1076' title='bbox 1717 5302 1788 5365; x_wconf 78' lang='lat' dir='ltr'><em>quoe</em></span> <span class='ocrx_word' id='word_1_1077' title='bbox 1804 5302 1873 5365; x_wconf 34' lang='lat' dir='ltr'><em>‘rara</em></span> 
     </span>
    </p>

    <p class='ocr_par' dir='ltr' id='par_1_12' title="bbox 1061 5368 1874 5765">
     <span class='ocr_line' id='line_1_148' title="bbox 1132 5368 1874 5409; baseline 0 -2"><span class='ocrx_word' id='word_1_1078' title='bbox 1132 5368 1206 5407; x_wconf 82' lang='lat' dir='ltr'><em>uuna</em></span> <span class='ocrx_word' id='word_1_1079' title='bbox 1248 5369 1378 5409; x_wconf 75' lang='lat' dir='ltr'><em>mmuso</em></span> <span class='ocrx_word' id='word_1_1080' title='bbox 1409 5370 1509 5408; x_wconf 79' lang='grc' dir='ltr'><strong><em>ιιιειιο.</em></strong></span> <span class='ocrx_word' id='word_1_1081' title='bbox 1575 5369 1628 5408; x_wconf 83' lang='lat' dir='ltr'><em>cac</em></span> <span class='ocrx_word' id='word_1_1082' title='bbox 1649 5369 1680 5407; x_wconf 89' lang='lat' dir='ltr'><em>re</em></span> <span class='ocrx_word' id='word_1_1083' title='bbox 1730 5368 1874 5407; x_wconf 78' lang='lat' dir='ltr'><em>osismmsas</em></span> 
     </span>
     <span class='ocr_line' id='line_1_149' title="bbox 1062 5370 1874 5500; baseline 0 -25"><span class='ocrx_word' id='word_1_1084' title='bbox 1062 5419 1272 5499; x_wconf 53' lang='lat' dir='ltr'><em>mutamusque</em></span> <span class='ocrx_word' id='word_1_1085' title='bbox 1287 5371 1405 5476; x_wconf 53' lang='lat' dir='ltr'><em>ciuitatis</em></span> <span class='ocrx_word' id='word_1_1086' title='bbox 1414 5421 1567 5500; x_wconf 85' lang='lat' dir='ltr'><em>episcopus,</em></span> <span class='ocrx_word' id='word_1_1087' title='bbox 1585 5370 1731 5491; x_wconf 46' lang='lat' dir='ltr'><em>comperti:</em></span> <span class='ocrx_word' id='word_1_1088' title='bbox 1746 5420 1874 5475; x_wconf 80' lang='lat' dir='ltr'><em>omuibus</em></span> 
     </span>
     <span class='ocr_line' id='line_1_150' title="bbox 1062 5486 1872 5559; baseline 0.001 -19"><span class='ocrx_word' id='word_1_1089' title='bbox 1062 5486 1245 5557; x_wconf 78' lang='grc' dir='ltr'><strong><em>ηυσειιαοίκι</em></strong></span> <span class='ocrx_word' id='word_1_1090' title='bbox 1255 5488 1367 5559; x_wconf 76' lang='lat' dir='ltr'><em>definita</em></span> <span class='ocrx_word' id='word_1_1091' title='bbox 1382 5495 1455 5552; x_wconf 81' lang='lat' dir='ltr'><em>sunt,</em></span> <span class='ocrx_word' id='word_1_1092' title='bbox 1472 5495 1553 5542; x_wconf 80' lang='lat' dir='ltr'><em>etrum</em></span> <span class='ocrx_word' id='word_1_1093' title='bbox 1571 5486 1774 5542; x_wconf 72' lang='grc' dir='ltr'><strong><em>ιιιίιιιταίίοπενι</em></strong></span> <span class='ocrx_word' id='word_1_1094' title='bbox 1786 5496 1872 5542; x_wconf 85' lang='lat' dir='ltr'><em>metc-</em></span> 
     </span>
     <span class='ocr_line' id='line_1_151' title="bbox 1062 5554 1873 5627; baseline 0 -18"><span class='ocrx_word' id='word_1_1095' title='bbox 1062 5560 1152 5609; x_wconf 83' lang='lat' dir='ltr'><em>tontm</em></span> <span class='ocrx_word' id='word_1_1096' title='bbox 1167 5570 1201 5609; x_wconf 84' lang='lat' dir='ltr'><em>oc</em></span> <span class='ocrx_word' id='word_1_1097' title='bbox 1212 5554 1426 5627; x_wconf 82' lang='lat' dir='ltr'><em>probibitioaem</em></span> <span class='ocrx_word' id='word_1_1098' title='bbox 1442 5554 1624 5627; x_wconf 73' lang='lat' dir='ltr'><em>ademptiones</em></span> <span class='ocrx_word' id='word_1_1099' title='bbox 1635 5570 1799 5609; x_wconf 74' lang='lat' dir='ltr'><em>amorum</em></span> <span class='ocrx_word' id='word_1_1100' title='bbox 1856 5570 1873 5609; x_wconf 84' lang='lat' dir='ltr'><em>c</em></span> 
     </span>
     <span class='ocr_line' id='line_1_152' title="bbox 1061 5621 1872 5693; baseline -0.001 -16"><span class='ocrx_word' id='word_1_1101' title='bbox 1061 5638 1132 5692; x_wconf 82' lang='lat' dir='ltr'><em>quac</em></span> <span class='ocrx_word' id='word_1_1102' title='bbox 1143 5636 1225 5676; x_wconf 82' lang='lat' dir='ltr'><em>sucre</em></span> <span class='ocrx_word' id='word_1_1103' title='bbox 1236 5628 1333 5679; x_wconf 77' lang='lat' dir='ltr'><em>nocta</em></span> <span class='ocrx_word' id='word_1_1104' title='bbox 1352 5623 1544 5678; x_wconf 69' lang='lat' dir='ltr'><em>constitutione</em></span> <span class='ocrx_word' id='word_1_1105' title='bbox 1563 5622 1607 5677; x_wconf 86' lang='lat' dir='ltr'><em>bis</em></span> <span class='ocrx_word' id='word_1_1106' title='bbox 1628 5621 1663 5678; x_wconf 85' lang='lat' dir='ltr'><em>de</em></span> <span class='ocrx_word' id='word_1_1107' title='bbox 1682 5621 1800 5693; x_wconf 84' lang='lat' dir='ltr'><em>reburp</em></span> <span class='ocrx_word' id='word_1_1108' title='bbox 1838 5624 1872 5676; x_wconf 85' lang='lat' dir='ltr'><em>li-</em></span> 
     </span>
     <span class='ocr_line' id='line_1_153' title="bbox 1061 5688 1871 5765; baseline -0.002 -20"><span class='ocrx_word' id='word_1_1109' title='bbox 1061 5688 1871 5765; x_wconf 76' lang='lat' dir='ltr'><em>mlacontneaturcorapeteottecseoutioaimoodoredebet.</em></span> 
     </span>
    </p>
   </div>
   <div class='ocr_carea' id='block_1_10' title="bbox 0 0 1928 6116">
    <p class='ocr_par' dir='ltr' id='par_1_13' title="bbox 0 0 1928 6116">
     <span class='ocr_line' id='line_1_154' title="bbox 0 0 1928 6116; baseline 0 0"><span class='ocrx_word' id='word_1_1110' title='bbox 0 0 1928 6116; x_wconf 95' lang='lat' dir='ltr'><em> </em></span> 
     </span>
    </p>
   </div>
  </div>
 </body>
</html>
