3832 6126
125 306 174 355 DE
195 305 376 355 semeonis
397 305 544 354 0111181118

933 284 1059 357 tii.

1677 289 1725 355 xi
1746 291 1786 355 ts

126 487 161 524 ac
179 469 376 538 provinciarum
399 473 562 527 encautariis
584 474 641 527 sine
664 474 753 538 aliqua
778 476 936 542 probatione
986 477 1080 528 secuta
1101 472 1264 528 consortium
1287 471 1315 524 in
1340 472 1452 525 urbibus
1471 471 1511 525 sel
1528 471 1555 524 in
1579 472 1791 540 quibuscumque

125 539 217 592 iactae
277 555 324 591 nes
346 539 465 594 fruentes
487 549 594 609 ereptae
617 543 645 594 iu
668 542 830 597 functionem
845 543 935 665 pristi-

127 622 221 660 nainr
256 610 326 659 eant.
368 606 402 661 D.
421 621 460 661 111
482 625 545 662 ιιοκ.
564 608 646 663 Mart.
671 609 820 665 Mediolani
861 610 936 664 icru-

127 674 217 728 taaile
237 687 263 726 ii
278 684 305 727 ct
323 673 473 729 Sirtiimino
492 693 578 730 coms.
820 685 854 743 (α.
874 683 932 742 381)

985 542 1052 595 locis
1069 541 1172 595 victura
1193 540 1348 604 constitit¹⁵,
1372 540 1429 593 eins
1453 555 1556 593 omnem
1578 539 1698 592 subolem
1709 539 1729 571 ¹⁸
1747 553 1788 593 sc-

986 609 1101 663 cundum
1118 615 1208 663 vetera
1226 607 1371 660 constituta
1385 609 1524 661 conveniet
1537 607 1666 661 revocari.
1685 605 1787 660 aare.

986 676 1038 731 lut
1058 675 1203 730 Raiicunce
1220 674 1355 729 aloriano
1373 685 1398 729 et
1416 675 1509 729 Plintis
1527 689 1613 728 coras.
1675 679 1709 738 [a.
1728 679 1788 739 tie]

163 740 202 798 11)
224 740 309 794 ΙΙόωκ
327 743 407 796 ,isa
425 751 453 796 ct
465 745 600 798 Arcadias
615 744 777 815 At'pneqm
794 765 840 818 pp.
868 747 935 801 Cum
1021 742 1058 801 17
1082 743 1179 798 ”laem
1196 745 1252 796 Aa.
1273 742 1391 795 Iohanni
1403 760 1453 814 pp.
1494 742 1547 821 Per
1570 743 1693 822 colossum
1711 758 1789 822 prae3

126 811 208 887 antea
233 824 281 876 per
305 809 423 877 singulos
445 811 531 878 siros,
559 828 607 880 per
629 813 706 866 binas
729 830 790 868 vero
814 815 944 868 mulieres
985 812 1111 866 iudicium
1129 810 1292 879 possessioni
1308 810 1390 863 insito
1405 811 1444 864 iel
1464 810 1547 864 inscio
1566 809 1672 865 domino
1689 810 1789 878 imponi

107 885 398 998 eueniat
413 881 934 1030 {satiauit'statuistis

129 1019 137 1062 t
178 1011 338 1064 attributum
357 1021 405 1065 est.
441 1015 573 1080 Quocirca
591 1016 759 1069 sublimitas³
775 1027 822 1070 tua
839 1017 932 1071 binus·

127 1078 199 1132 modi
222 1081 338 1132 census⁴
363 1097 411 1147 per
429 1081 632 1136 Comaneusium
655 1091 681 1136 et
705 1085 934 1138 Ariarathensium

126 1146 271 1199 Armeniae
283 1148 425 1209 secundae,
435 1150 629 1203 Amisenorum
639 1150 740 1203 Heleno
761 1153 818 1206 enti
832 1152 934 1206 etDio·

127 1213 323 1267 caesariensium
349 1216 534 1284 Cappadociae
558 1219 690 1272 secundae
714 1169 793 1273 urias
817 1220 932 1274 salubris

126 1290 153 1334 et
170 1287 335 1348 temperatae
351 1285 564 1350 peraequationis
580 1286 686 1339 modurn
695 1288 873 1342 monumentis
879 1305 932 1366 pu·

126 1349 205 1402 blicis
223 1349 327 1402 iubebit
344 1350 458 1404 adnecti.
496 1351 527 1405 l).
550 1352 723 1424 srlr.1lpril.
744 1355 932 1409 tbiistauliao·

123 1417 184 1486 poii
204 1415 330 1470 Honorio
348 1428 374 1472 et
393 1418 502 1472 Euoilio
520 1437 607 1473 (οκοο.
819 1428 853 1487 (ιι.
873 1427 932 1487 386]

162 1484 196 1539 11
222 1483 309 1554 impp.
320 1486 455 1539 Arcadius
472 1487 649 1541 etiloiiorias
666 1489 721 1542 ΑΛ.
740 1489 778 1542 ad
788 1491 931 1560 papulam.

126 1552 291 1618 Originarios
311 1552 419 1606 colonos
437 1554 516 1608 nullis
534 1556 685 1623 privilegiis,
704 1557 777 1610 nulla
795 1558 932 1625 dignitate,

126 1620 200 1672 nulla
222 1635 318 1673 census
342 1621 501 1675 auctoritate
523 1624 646 1677 excusari
666 1625 862 1704 praecipimus,
886 1626 934 1679 sed

125 1688 272 1764 amputatis
299 1688 436 1752 omuibus,
469 1706 536 1810 ipae
562 1692 721 1759 aliquotiens
747 1708 796 1759 per
820 1693 934 1760 gratiam

127 1761 191 1808 sunt
209 1755 306 1816 elicita,
325 1755 432 1808 domino
450 1772 481 1811 re
508 1759 592 1813 tundo
610 1774 669 1812 esse
686 1759 843 1814 reddendos.

161 1819 202 1877 12
221 1821 297 1875 laem
315 1827 371 1876 ΛΑ.
390 1824 531 1879 Florentio
550 1868 556 1879 .
576 1869 581 1878 .
601 1870 606 1878 .
649 1826 744 1880 Servos
761 1829 801 1880 iel
819 1829 933 1882 tributa·

125 1890 181 1943 rios
200 1891 240 1942 rel
259 1890 402 1957 inquilinos
420 1892 492 1959 apud
510 1892 630 1947 dominos
647 1896 768 1949 volumus
787 1912 931 1949 remanere.

124 1973 188 2010 nam
212 1973 272 2010 cum
294 1965 367 2011 metu
391 1959 480 2012 damni
503 1960 646 2014 deterritus
670 1963 853 2030 unusquisque
875 1980 934 2017 euin

124 2041 204 2092 quem
219 2025 382 2091 incognitum
397 2027 522 2081 habuerit
537 2030 653 2097 coeperit
666 2031 831 2098 propulsare,
841 2032 933 2085 solun·

125 2100 168 2146 tas
192 2092 311 2159 fugiendi
333 2094 416 2147 scriis
440 2111 493 2148 nou
515 2097 581 2149 erit:
605 2113 681 2150 nemo
704 2098 774 2150 euim
797 2098 932 2152 dominum

125 2175 206 2214 snum
230 2159 329 2213 deserit
354 2161 441 2215 sciens
468 2168 617 2230 nusquam⁵
643 2165 694 2218 sibi
719 2166 820 2220 latendi
844 2166 933 2219 locuin

128 2234 138 2280 1
176 2242 237 2280 esse
254 2227 419 2281 derelictum.
446 2230 499 2284 Sed
513 2239 560 2283 aut
576 2233 710 2298 cognitum
725 2232 776 2286 sibi
790 2234 933 2302 ingenuum

126 2294 312 2362 uuusquisque
329 2297 471 2366 suscipiet,
494 2303 542 2351 aut
558 2315 618 2352 eum
636 2301 681 2367 qui
698 2316 727 2354 se
744 2301 856 2354 liberum
875 2317 933 2355 csse

127 2363 292 2416 simulaverit
315 2378 332 2416 a
355 2379 384 2416 se
407 2366 573 2419 submovebit
591 2376 710 2421 metuens
733 2368 774 2420 his
793 2384 860 2437 quse
878 2373 933 2423 sta·

127 2436 142 2482 'l
177 2434 239 2483 tuta
261 2437 325 2484 sunt
347 2432 478 2486 obnoxius
501 2434 564 2487 fieri.
608 2434 636 2488 Si
653 2435 713 2503 quis
730 2435 812 2503 igitur
829 2452 863 2490 ex
879 2452 932 2490 rne-

125 2497 239 2550 moratis
252 2496 369 2565 fugitivis
384 2500 457 2567 apud
472 2502 616 2568 quemlibet
629 2503 710 2556 inerit
724 2510 854 2571 repertus,
867 2503 933 2558 dno-

125 2564 213 2619 decim
231 2565 314 2618 libras
332 2568 436 2632 argenti
459 2568 524 2622 fisco
543 2575 634 2623 nostm
658 2570 756 2624 inierat
774 2571 934 2633 detentator,

124 2633 177 2700 ipsi
194 2640 285 2685 sutem
303 2633 379 2687 cuius
397 2635 447 2687 luit
463 2638 694 2704 praetereundem
711 2638 850 2705 fugitiuum
868 2639 934 2693 alte·

124 2715 185 2753 rum
202 2699 284 2753 etism
303 2700 420 2755 eiusdem
435 2705 627 2758 aestimationis
641 2706 739 2759 inferre
757 2706 933 2760 decernimus.

160 2763 199 2846 13
219 2765 307 2846 1Ιόοοι
315 2771 371 2822 ΑΛ.
389 2768 529 2825 Vincentio
537 2790 584 2842 pp.
596 2773 753 2826 Gallienam.
778 2773 934 2840 Definimus,

124 2841 155 2889 ut
181 2840 252 2888 inter
273 2836 417 2903 inquilinos
443 2838 597 2902 colonosve,
622 2857 734 2908 quornm
753 2850 881 2908 quantum
900 2841 933 2895 ad

124 2902 253 2969 originem
277 2903 393 2970 pertinet
415 2905 599 2960 uindicandam
623 2908 768 2961 indiscreta
790 2909 934 2977 eademque

123 2984 210 3038 paene
234 2970 338 3024 vidam
361 2987 421 3025 esse
443 2973 580 3037 condicio,
603 2976 667 3029 licet
689 2977 724 3028 sit
747 2976 888 3030 discrimen
906 2978 933 3029 in

122 3038 239 3097 nomine,
264 3039 384 3106 suscepti
406 3040 484 3094 liberi
505 3043 546 3094 sel
570 3050 684 3111 utroque
701 3044 743 3096 sel
765 3051 861 3097 neutro
885 3060 933 3112 pa-

123 3112 201 3159 rents
219 3105 320 3159 causito
334 3111 435 3160 emtum
452 3115 582 3176 paternae
598 3111 761 3164 condicionis
777 3119 932 3178 agnoscant.

125 3178 137 3225 t
175 3172 246 3227 Illud
263 3172 343 3226 etiarn
360 3175 518 3228 serrandum
537 3183 585 3240 est,
611 3184 647 3244 nt,
671 3179 693 3230 si
711 3179 817 3245 quando
835 3179 932 3232 utrius·

123 3255 177 3307 que
195 3238 271 3293 fundi
288 3240 358 3294 idem
383 3242 505 3297 dominus
523 3244 555 3297 de
573 3246 744 3313 possessione
761 3248 860 3299 referta
877 3246 932 3299 cul-

122 3307 229 3362 toribus
251 3308 286 3361 ad
310 3323 368 3362 eam
391 3310 503 3364 colonos
545 3327 596 3365 uae
620 3314 780 3366 laborabat⁷
803 3313 934 3367 tenuitate

123 3374 308 3438 transtulerit,
331 3377 453 3444 idemque
476 3327 552 3431 iunii
570 3380 605 3432 ad
623 3380 785 3434 diversorum
808 3381 867 3434 iura
885 3381 932 3434 do·

122 3443 256 3498 minorum
297 3444 397 3497 nalibet
415 3451 488 3499 sorte
509 3448 679 3505 transierint,
704 3456 811 3501 manent
827 3448 932 3516 quidem

121 3510 199 3564 facts
216 3515 291 3562 trans
319 3512 367 3573 tio,
384 3513 432 3565 sed
449 3513 495 3574 itu,
514 3521 545 3567 ut
561 3515 664 3582 praedii
681 3515 738 3569 eius
762 3516 933 3573 dominum

123 3594 179 3646 quo
197 3577 286 3633 coloni
303 3581 453 3645 probantur
469 3581 553 3636 iubae
567 3583 725 3647 transducti,
743 3584 932 3637 translatorum

177 3646 293 3699 ationem
310 3648 444 3701 restituat.
485 3647 517 3702 Ι).
537 3663 579 3703 111
594 3650 629 3704 iii.
649 3651 721 3704 (αι’
738 3651 888 3705 Stilichone
905 3659 932 3704 ci

149 3713 274 3766 oreliano
292 3729 379 3766 corias.
819 3724 852 3782 [ο.
871 3723 931 3781 400]

159 3778 200 3835 14
219 3778 305 3834 ⁹Idem
324 3783 379 3834 Aa.
405 3780 549 3836 Vincentio
562 3801 612 3855 pp.
633 3784 791 3838 Galliarum.
834 3785 862 3839 Si
886 3801 932 3839 co·

122 3847 188 3910 leni,
206 3864 272 3915 quos
289 3848 360 3903 bona
377 3848 428 3903 tide
443 3851 554 3930 quisque
571 3852 698 3919 possedit,
717 3852 751 3905 nd
769 3852 835 3905 alios
853 3853 932 3919 fugae

123 3915 190 3968 sitio
212 3918 382 3969 transeuntes
411 3925 594 3972 necessitatem
619 3919 783 3973 condicionis
808 3921 932 3988 propriae

124 3982 261 4036 declinare
274 3985 469 4062 temptaverint,
488 3986 575 4040 bonae
590 3987 652 4039 tidei
661 3989 810 4054 possessori
819 3989 933 4054 primum

122 4057 230 4118 oportet
253 4052 332 4104 celeri
355 4052 544 4107 reformatione
572 4055 707 4116 succurri,
735 4062 800 4109 tuuc
824 4070 932 4108 causam

123 4117 235 4184 originis
253 4123 281 4187 et
317 4120 471 4186 roprietatis
488 4121 592 4188 agitari.
619 4121 651 4176 Ι).
663 4136 718 4175 1111
734 4123 769 4174 iil.
781 4121 860 4175 lal.¹⁰
873 4122 933 4176 Me-

122 4184 230 4238 diolani
248 4136 397 4241 Sliicliouc
413 4197 441 4241 et
457 4189 608 4242 Aureliano
627 4206 713 4243 conss.
818 4195 851 4253 [α.
872 4196 931 4252 4011)

158 4250 197 4308 15
220 4250 330 4323 ¹¹Impp.
343 4253 485 4308 Honorias
501 4264 528 4309 ct
543 4256 709 4311 llieodcsias
726 4257 782 4310 ΑΛ.
802 4255 894 4310 Probo
905 4259 932 4311 ¹².

123 4319 239 4374 cotona
257 4336 400 4388 numquam
419 4321 549 4376 fiscabum
565 4324 671 4378 nomine
688 4323 838 4377 debiturum
853 4324 932 4378 ullius

123 4387 259 4441 exactoris
281 4388 370 4455 pulset
391 4390 521 4444 intentio:
545 4407 612 4458 quos
634 4392 673 4444 ita
694 4391 778 4457 glebis
795 4391 933 4446 inhaerere

123 4455 311 4534 praecipimus,
329 4463 359 4510 ut
376 4472 411 4511 ne
427 4464 529 4526 puncto
549 4459 655 4526 quidem
672 4459 800 4526 temporis
817 4459 934 4515 debeant

123 4537 249 4576 amoveri.

157 4587 201 4670 Ι115
222 4587 320 4668 '’ldem
337 4593 393 4671 Αᾼ.
412 4590 540 4672 Pallaiiic
554 4609 604 4662 pp.
640 4591 744 4672 Mulier,
764 4607 833 4674 qnae
850 4593 933 4674 inisse

124 4672 268 4725 cngmsria
285 4656 433 4724 docebitur,
452 4675 477 4713 si
493 4674 682 4729 cmuscumqus
700 4661 777 4715 liberi
793 4662 933 4716 bom1n1s¹⁴

114 4770 532 4780 ι.-----------.-.....--..-----
559 4773 722 4781 -——--—

985 896 1038 934 non
1056 895 1135 948 posse
1159 887 1185 932 et
1207 880 1264 932 iure
1282 885 1309 930 et
1332 880 1418 946 legum
1435 878 1640 932 auctoritatibus
1662 879 1789 932 decanta·

984 952 1059 1001 tur¹⁸.
1095 947 1155 1000 12¹⁹
1171 947 1206 1000 iii.
1227 944 1644 1000 Iiil.ltaecnnaelloaario1111
1660 953 1686 999 ct
1705 944 1730 998 Τ
1727 946 1785 1000 lieo-

984 1015 1063 1069 docio
1081 1031 1102 1069 ι
1118 1018 1173 1068 AA.
1193 1031 1279 1067 (τοαοο.
1675 1017 1709 1078 [α.
1729 1017 1788 1076 422]

1019 1080 1058 1140 18
1077 1081 1165 1154 impp.
1177 1081 1342 1135 Theodosias
1359 1088 1385 1134 ο(
1401 1079 1607 1133 i‘'alciiliniiiiras
1624 1082 1679 1134 ΑΛ.
1698 1079 1789 1134 Basso

978 1168 1029 1272 pp.
1066 1150 1180 1204 Colouos
1199 1150 1272 1202 nulla
1290 1150 1392 1201 ratione
1409 1148 1443 1199 ad
1468 1148 1548 1201 iillum
1567 1149 1686 1215 quamvis
1703 1147 1790 1201 humi·

1004 1218 1057 1271 oris
1073 1218 1182 1271 militiae
1199 1218 1285 1270 locum
1305 1217 1414 1269 sinimus
1433 1215 1549 1268 admitti:
1573 1215 1620 1268 sed
1639 1232 1687 1269 nec
1706 1231 1788 1284 appa·

984 1286 1078 1339 ritiires
1088 1286 1254 1354 magisteriae
1266 1285 1406 1351 potestatis
1422 1283 1546 1337 ecirsibus
1562 1283 1712 1350 adscriptos
1727 1299 1789 1352 pro-

984 1353 1042 1406 bari
1061 1353 1228 1407 concedimus
1237 1354 1267 1415 ²¹⁰,
1291 1353 1353 1418 quia
1370 1351 1397 1403 in
1415 1352 1467 1404 hac
1485 1357 1561 1418 parte
1578 1356 1606 1405 et
1623 1351 1790 1405 dominorum

983 1421 1035 1474 iuri
1052 1427 1080 1475 et
1097 1421 1220 1488 publicae
1238 1420 1401 1474 consulimus
1420 1419 1561 1472 honestati.
1674 1423 1709 1483 [a.
1728 1424 1788 1482 126)

1019 1486 1057 1545 19
1077 1486 1271 1558 [Αὐτοκράτωρ
1286 1483 1456 1538 >senescimus
1473 1492 1519 1550 Α.)
1529 1489 1550 1520 ²¹

1052 1558 1140 1608 ²²va
1157 1561 1285 1626 γεωργῶν
1300 1555 1389 1620 οἱμὲν
1407 1552 1593 1624 έναπόγραφοί
1607 1554 1676 1606 εἰσιν
1693 1558 1738 1604 καὶ
1755 1551 1790 1606 τὰ

1051 1621 1156 1676 τούτων
1184 1620 1310 1676 πεκούλια
1337 1628 1391 1672 τοῖς
1415 1618 1558 1674 δεσπόται(
1579 1618 1684 1687 ἀνήκει,
1711 1621 1737 1673 ei
1760 1618 1789 1672 ‹it-

1051 1689 1139 1758 χρόνῳ
1148 1695 1193 1755 τῆς
1202 1695 1419 1757 τριακονταετίας
1426 1690 1565 1753 μισθωτοὶ
1574 1695 1697 1759 γίνονται
1716 1686 1789 1740 eisd-

1052 1760 1130 1828 &ppos
1168 1763 1271 1809 crimes·
1283 1756 1352 1839 γετὰ
1367 1759 1425 1808 τοῖν
1439 1754 1606 1827 πραγμάτιον
1622 1754 1726 1809 αὐτῶν·
1744 1760 1789 1808 καὶ

1051 1825 1124 1878 cisoa
1142 1780 1172 1877 ii*
1188 1822 1384 1895 όναγκαζοντα(
1403 1829 1448 1878 καὶ
1465 1824 1515 1889 τὴν
1532 1827 1582 1894 γῆν
1599 1828 1728 1896 γεωργεῖν
1744 1829 1789 1875 καὶ

1019 1903 1025 1915 ’
1052 1893 1083 1946 τὸ
1096 1892 1170 1945 τέλος
1184 1897 1316 1964 παρέχειν.
1344 1893 1423 1944 τοῦτο
1440 1890 1470 1943 iii
1487 1897 1532 1944 uni
1549 1893 1589 1958 τῷ
1609 1889 1727 1962 δεσπότῃ
1744 1894 1789 1943 καὶ

1051 1967 1105 2013 τοῖς
1122 1965 1248 2031 γεωργοῖς
1265 1957 1401 2012 icamia.

1018 2028 1058 2085 21)
1078 2027 1145 2099 Imp.
1165 2028 1332 2081 lastinianus
1354 2031 1384 2080 A.
1405 2026 1578 2081 lunisiana
1598 2045 1647 2098 pp.
1681 2026 1789 2080 Lirinus

984 2095 1150 2176 imponentes
1174 2095 1337 2149 celeritatem
1360 2096 1506 2153 sancimus,
1531 2095 1554 2147 si
1578 2095 1683 2162 quaudo
1702 2094 1789 2147 coloni

985 2178 1175 2231 cuiuscumque
1199 2163 1360 2216 condicionis
1379 2171 1471 2216 contra
1495 2163 1615 2216 dominos
1640 2168 1726 2215 terrae
1744 2161 1788 2214 dc·

985 2232 1156 2286 clamaverint
1172 2246 1253 2297 super
1271 2231 1322 2284 boc
1340 2232 1398 2298 ipio
1414 2230 1574 2294 dubitantes,
1593 2239 1682 2282 utrum
1697 2230 1719 2282 is
1735 2234 1789 2281 ter-

983 2314 1030 2352 rae
1047 2299 1168 2352 dominns
1187 2305 1228 2351 est
1246 2314 1295 2351 nec
1313 2314 1346 2352 ue
1363 2306 1418 2364 (cos
1432 2306 1520 2351 tumen
1539 2297 1657 2362 dicimus,
1676 2297 1720 2365 qui
1735 2313 1789 2350 non

983 2381 1017 2420 ex
1035 2367 1113 2434 longo
1131 2366 1286 2433 prolixoque
1305 2372 1423 2432 ternpore
1441 2366 1480 2418 vel
1495 2365 1638 2433 longinqua
1651 2370 1678 2417 et
1689 2364 1789 2417 invete-

983 2440 1043 2487 rata
1060 2434 1191 2487 redituum
1207 2433 1376 2500 susceptione
1389 2433 1564 2486 sufficientem
1579 2433 1680 2486 habent
1698 2435 1789 2485 caute·

984 2501 1044 2565 lam,
1054 2503 1081 2554 in
1091 2502 1187 2568 quibus
1199 2501 1305 2555 casibus
1314 2516 1348 2553 ne
1358 2499 1557 2554 contradicendi
1566 2500 1672 2568 quidem
1682 2499 1791 2552 licentis

984 2569 1086 2623 colonis
1104 2569 1269 2636 relinquitur,
1286 2568 1359 2633 longi
1375 2568 1500 2635 temporis
1519 2567 1730 2635 praescriptione
1743 2567 1793 2644 luel,

984 2637 1116 2690 redituum
1133 2635 1347 2703 frequentissima
1365 2635 1553 2703 consequentia
1568 2636 1723 2689 colonorum
1741 2650 1789 2687 rm·

984 2713 1063 2773 petus
1087 2704 1267 2767 excludentet:
1294 2702 1373 2755 talem
1399 2717 1457 2755 esse
1483 2718 1565 2769 super
1590 2701 1723 2755 redituum
1749 2700 1790 2756 sel

984 2772 1154 2839 publicarum
1172 2771 1338 2824 functionum
1363 2771 1543 2838 praestatione
1566 2770 1678 2824 formam
1697 2784 1790 2823 cense-

984 2856 1051 2900 mus,
1070 2848 1108 2903 ut,
1133 2839 1156 2893 si
1173 2838 1240 2892 tales
1259 2838 1357 2900 coloni,
1381 2838 1474 2905 quales
1492 2853 1574 2905 supra
1592 2837 1714 2917 diximus²
1731 2837 1790 2891 ido·

984 2923 1062 2961 neum
1086 2906 1268 2959 fideiussorem
1290 2905 1374 2959 totius
1395 2920 1512 2959 summae
1536 2921 1603 2975 quae
1626 2906 1661 2959 ab
1684 2905 1727 2960 lus
1745 2904 1789 2958 de·
1828 2940 1834 2953 .

983 2974 1109 3042 penditur
1127 2972 1319 3041 praestiterint,
1343 2972 1415 3050 qnod
1432 2988 1524 3026 omnes
1542 2972 1643 3027 reditus
1661 2973 1719 3028 siue
1736 2972 1791 3026 ulls

984 3041 1237 3112 procrastinatione,
1256 3041 1278 3092 si
1296 3039 1387 3093 melior
1405 3055 1488 3093 causa
1509 3040 1674 3094 dominorum
1691 3039 1791 3094 iudice·

984 3114 1036 3168 tur,
1054 3109 1092 3162 eis
1117 3108 1268 3171 restituent,
1294 3111 1322 3160 et
1339 3106 1400 3160 talis
1418 3106 1562 3161 fideiussor
1584 3123 1632 3180 per
1649 3107 1791 3161 triennium

985 3177 1133 3254 accipiatur
1151 3191 1235 3241 eoque
1253 3175 1360 3242 impleto
1379 3172 1472 3227 iteriiin
1487 3180 1637 3247 renovetur,
1657 3174 1746 3229 coloni
1762 3175 1791 3228 in

983 3244 1070 3298 medio
1088 3244 1160 3296 nullo
1179 3243 1257 3295 niodo
1277 3257 1357 3309 super
1375 3243 1503 3296 reditibus
1522 3258 1539 3294 a
1556 3241 1670 3295 dominis
1687 3241 1789 3310 inquis-

988 3317 997 3365 1
1035 3316 1132 3364 teritur.
1177 3311 1224 3363 Sin
1249 3318 1337 3362 autem
1361 3311 1438 3362 boc²³
1461 3310 1546 3363 coloni
1571 3310 1677 3363 minime
1700 3309 1790 3362 iacere

984 3379 1116 3433 soluerint
1133 3378 1173 3431 sel
1197 3377 1344 3445 potuerint,
1369 3385 1434 3430 tunc
1456 3377 1525 3430 idem
1544 3378 1645 3431 reditus
1663 3393 1712 3445 per
1730 3377 1789 3430 citi-

984 3447 1053 3500 ciom
1071 3446 1166 3499 indicis
1183 3446 1265 3497 annui
1282 3444 1422 3511 exiguntur
1439 3461 1487 3512 per
1508 3445 1588 3498 solita
1604 3444 1790 3512 tempora,·in

984 3529 1052 3581 quae
1069 3513 1148 3567 etiarn
1167 3513 1280 3564 dominis
1296 3512 1521 3579 dependebantur,
1539 3517 1567 3563 et
1580 3512 1749 3579 deponantur
1764 3512 1790 3564 in

984 3581 1049 3634 aeile
1067 3597 1152 3644 sacua,
1170 3581 1197 3633 iil
1215 3588 1256 3632 est
1272 3580 1299 3631 in
1318 3579 1496 3633 cimeliarchio
1515 3580 1645 3642 civitatis,
1669 3581 1718 3633 sub
1737 3595 1791 3647 qua

983 3649 1117 3716 possessio
1140 3647 1192 3700 sita
1215 3648 1293 3708 est²·‘,
1317 3649 1357 3699 iel
1381 3647 1403 3699 si
1426 3648 1519 3700 localis
1543 3648 1657 3700 ecclesia
1679 3646 1714 3699 ad
1732 3663 1790 3700 sus·

985 3716 1132 3783 ceptionem
1150 3715 1323 3782 pecuniarum
1341 3715 1437 3767 idonea
1455 3730 1507 3767 non
1526 3715 1568 3776 sit,
1592 3715 1619 3767 in
1637 3714 1789 3781 metropoli-

983 3790 1048 3836 tana
1070 3782 1197 3842 ecclesia,
1228 3789 1258 3833 ut
1280 3785 1436 3834 remaneant
1459 3798 1517 3834 cum
1542 3781 1613 3833 omni
1637 3781 1742 3836 cautela
1764 3788 1791 3834 et

983 3855 1045 3918 post
1061 3850 1241 3915 plenissimam
1259 3847 1437 3902 definitionem
1456 3848 1495 3901 vei
1514 3849 1626 3901 dominis
1644 3849 1790 3902 denturisl

984 3923 999 3971 2
1035 3918 1135 3970 colonis
1158 3916 1342 3970 restituantur.
1384 3915 1430 3969 Sin
1453 3922 1542 3969 autem
1567 3916 1667 3969 reditus
1692 3932 1745 3969 non
1763 3916 1790 3969 in

982 4000 1057 4049 auro,
1077 3985 1169 4038 sedin
1193 3983 1332 4051 speciebus
1355 3983 1514 4049 inferuntur,
1533 3984 1573 4037 vel
1596 3984 1624 4035 in
1647 3987 1733 4037 totum
1750 3983 1791 4036 sel

983 4059 1121 4120 exparte,
1145 4051 1251 4105 iuterim
1274 4066 1322 4118 per
1346 4049 1463 4103 officinm
1484 4051 1580 4107 iudicis
1603 4051 1708 4105 fructus
1726 4066 1787 4104 seu·

983 4120 1081 4174 dantur
1095 4127 1123 4172 et
1139 4119 1331 4188 pretiosorum
1346 4118 1491 4171 secundum
1506 4118 1671 4187 praedictum
1683 4118 1789 4171 niodum

984 4193 999 4242 3
1035 4188 1211 4254 deponantur.
1236 4184 1312 4237 liaec
1330 4184 1363 4238 de
1377 4184 1506 4239 reditibus
1521 4185 1678 4240 definientes
1692 4185 1727 4239 ad
1740 4202 1789 4253 pu·

985 4255 1068 4308 blicas
1091 4259 1258 4308 transeamus
1282 4252 1442 4306 functiones.
1481 4259 1509 4306 et
1530 4254 1552 4306 si
1575 4253 1680 4321 quidem
1703 4253 1790 4307 coloni

984 4338 1057 4376 more
1074 4322 1154 4375 solito
1172 4336 1218 4374 eas
1236 4320 1398 4386 dependant,
1422 4319 1474 4388 ipsi
1491 4327 1616 4375 maneant
1633 4321 1661 4373 in
1678 4320 1791 4389 pristina

984 4390 1190 4455 consuetudine,
1214 4388 1287 4440 nullo
1310 4387 1473 4455 praeiudicio
1495 4388 1608 4444 dominis
1629 4387 1789 4456 generando,

984 4458 1029 4525 qui
1047 4467 1074 4511 et
1090 4455 1288 4536 quiescentibus
1307 4455 1408 4509 colonis
1425 4459 1453 4509 et
1470 4471 1522 4509 non
1545 4455 1790 4511 contradicentibus

984 4526 1018 4578 ad
1033 4525 1169 4593 publicum
1185 4521 1341 4577 tributarias
1356 4522 1507 4576 functiones
1516 4523 1791 4579 minimeinlerebant.

984 4598 1018 4646 3ο
1053 4592 1100 4646 Sin
1123 4595 1213 4646 autem
1235 4590 1317 4643 moris
1342 4597 1401 4643 erat
1423 4589 1543 4644 dominos
1561 4595 1645 4645 totam
1662 4606 1790 4644 summam

984 4660 1105 4729 accipere
1123 4665 1150 4713 et
1167 4675 1199 4713 ex
1218 4673 1250 4711 ea
1266 4665 1369 4725 partem
1386 4657 1492 4726 quidem
1503 4658 1532 4712 in
1549 4659 1672 4727 publicas
1689 4664 1791 4712 sertem

122 4826 270 4891 (i)==l’li.
290 4829 329 4890 13,
347 4839 377 4890 ιι,
396 4839 422 4879 2:
447 4830 519 4895 iassae
539 4832 577 4891 it,
595 4840 662 4891 aaa
736 4833 769 4895 (ι)
789 4831 850 4882 idem
869 4829 929 4880 Ti.-
979 4830 1202 4893 terentinae
1263 4830 1587 4892 (iit-Tauium
1643 4831 1790 4893 (ammi

115 4896 199 4961 suerit
215 4909 279 4944 onus
330 4896 363 4957 (3)
381 4893 496 4945 sublimis
513 4897 649 4946 auctoritas
668 4898 713 4948 Ti.
765 4899 798 4960 (t)
816 4897 930 4948 censibus
980 4898 1043 4947 iuris
1060 4899 1105 4948 ias.
1128 4898 1171 4948 la.
1232 4900 1277 4960 (tt)
1295 4897 1316 4946 si
1333 4896 1408 4946 modo
1425 4896 1492 4946 intra
1515 4895 1673 4960 praefinitum
1691 4902 1791 4962 tempus

123 4962 168 5014 11.
254 4963 289 5025 (ι)
312 4977 434 5025 nusquam
457 4964 521 5027 edd,
550 4979 659 5028 nuquam
681 4966 716 5026 U,
744 4980 880 5028 numquam
903 4965 933 5016 K
980 4964 1118 5029 reposcitur
1136 4967 1181 5014 ins.
1203 4965 1246 5014 Ti.
1290 4966 1336 5027 (ie)
1353 4963 1477 5028 originem
1496 4963 1541 5014 Ti.
1585 4966 1680 5026 (11)-
1698 4967 1789 5028 8,is,n

120 5029 157 5093 (t)
175 5031 247 5096 inape
263 5051 284 5081 c.
304 5033 333 5081 it
352 5040 375 5081 et
391 5049 455 5097 qaue
472 5033 509 5082 ibi
525 5033 658 5083 laudantur
732 5036 766 5097 (t)
782 5035 819 5084 sic
834 5033 876 5094 K,
893 5032 930 5082 la·

983 5034 1026 5084 lli.
1045 5035 1069 5090 2,
1087 5042 1123 5094 aa,
1141 5043 1167 5087 a:
1187 5033 1258 5098 inape
1276 5034 1299 5092 2,
1318 5043 1350 5091 ia,
1368 5044 1388 5082 a.
1407 5035 1432 5092 t,
1450 5043 1470 5093 i,
1489 5042 1506 5082 i.
1525 5034 1550 5093 t,
1568 5042 1604 5094 ss,
1622 5043 1653 5082 is.
1675 5035 1714 5094 tt,
1729 5043 1788 5096 eni

120 5096 194 5148 berit
215 5097 241 5148 U
302 5096 338 5160 (8)
357 5100 388 5164 cs.
407 5111 454 5149 noi.
473 5111 499 5150 to
558 5101 593 5163 (a)
610 5123 643 5143 π
663 5100 707 5150 lt.
726 5103 840 5163 42²³,st
858 5103 931 5166 inape
980 5101 1027 5164 (18)
1043 5102 1080 5150 sic
1097 5100 1112 5149 1.
1136 5117 1196 5166 pem.
1215 5100 1271 5160 Ti,
1293 5098 1434 5149 declaratur
1458 5100 1516 5149 libri
1581 5101 1627 5161 (19)
1645 5098 1668 5148 ii.
1686 5115 1703 5148 v
1727 5100 1791 5168 depes

121 5185 142 5217 c.
164 5160 193 5217 tt
212 5166 235 5215 lt.
255 5175 271 5216 t.
291 5167 400 5229 ii,tt,t
421 5166 466 5218 Tb.
487 5168 525 5231 12,
544 5178 578 5230 tt,
596 5179 636 5219 13
688 5170 735 5231 (tlt)
753 5167 777 5218 d.
796 5183 828 5217 111
841 5166 930 5217 kint
980 5168 1117 5234 inapendee
1168 5165 1217 5229 (tt)
1236 5185 1325 5216 comma
1343 5182 1388 5216 nec
1465 5165 1621 5215 concedimus
1644 5168 1718 5217 isdem
1730 5171 1788 5232 scre

122 5234 186 5299 leges
204 5233 342 5299 isapendae
376 5233 419 5298 (11)
436 5233 577 5285 Hermann
596 5236 673 5300 iaapit
691 5237 715 5297 8,
725 5246 758 5301 tt,
770 5247 791 5288 s.
813 5237 851 5298 11,
861 5245 896 5298 tt,
906 5245 930 5286 lt
980 5238 1061 5286 verbis
1077 5237 1194 5299 repetitur
1212 5235 1236 5283 in
1258 5235 1361 5295 12,5t,t
1412 5236 1458 5295 (tt)
1477 5235 1601 5299 inscriptio
1619 5253 1649 5284 ea
1666 5236 1727 5286 cii
1750 5239 1786 5295 (1

120 5300 157 5361 ((1
174 5315 208 5350 ιιι
224 5300 258 5350 id.
282 5301 339 5350 Iun.
363 5300 582 5367 Constantinopoli
600 5302 736 5353 Constante
761 5306 786 5352 et
809 5302 931 5352 Constan-

118 5369 159 5421 tio
175 5383 254 5418 coum
273 5370 307 5431 [ο.
324 5370 395 5432 1111)
446 5371 492 5434 (ιι)
509 5370 592 5420 Probo
609 5370 694 5420 comiti
711 5386 837 5421 sacrarum
854 5369 930 5433 largi·

982 5303 1005 5352 li.
1025 5314 1040 5353 t.
1058 5305 1170 5353 restitistis
1187 5311 1222 5351 est
1286 5304 1334 5365 (tt)
1352 5325 1385 5345 -
1404 5302 1431 5352 Β
1448 5304 1488 5361 55,
1507 5313 1527 5363 t,
1546 5315 1570 5353 18
1636 5305 1684 5364 (13)
1703 5304 1750 5353 hoo
1766 5304 1789 5364 Ι,

983 5389 1027 5421 oin.
1049 5369 1103 5421 ΗΚ
1150 5372 1198 5432 (ιι)
1216 5369 1264 5417 sita
1281 5372 1317 5419 est
1333 5367 1369 5431 1⁰,
1386 5369 1421 5418 sit
1444 5370 1503 5432 ΗΡ,
1521 5369 1569 5419 sits
1586 5370 1619 5419 sit
1636 5370 1665 5421 K

121 5486 1782 5517 'm

156 5566 196 5637 19
215 5566 454 5645 Ιαιγ.Αοοο1αοι“ια
462 5572 492 5624 Α.
503 5571 753 5641 Apiieolaramalii
761 5570 931 5649 adscripticii
981 5587 1041 5626 cam
1055 5568 1136 5624 retas
1146 5569 1205 5649 sitis
1216 5577 1343 5624 maneat:
1360 5570 1460 5624 atenim
1477 5569 1506 5626 ln·
1522 5587 1631 5644 qaoque
1647 5577 1675 5627 et
1690 5579 1790 5626 terram

119 5643 193 5702 stati,
207 5652 323 5707 quorsus
336 5634 445 5707 peralta
458 5637 496 5691 ad
508 5637 632 5693 donasses
633 5640 798 5775 petineat,
816 5638 863 5692 ala
883 5638 929 5693 tai-
980 5637 1069 5695 colere
1085 5645 1113 5692 et
1131 5637 1259 5692 inbutam
1275 5637 1381 5693 solome
1396 5646 1539 5709 copaatar.
1566 5639 1619 5694 Ιιοο
1632 5645 1722 5695 satem
1736 5647 1789 5694 tarn

119 5704 200 5779 pinta
222 5720 356 5759 ακκοικοι
380 5711 501 5776 tempore
522 5704 614 5760 coloni

172 5789 198 5833 lL

656 5713 718 5772 ant,
741 5705 820 5761 liberi
842 5713 930 5761 tamea
979 5705 1089 5762 aniano
1107 5721 1189 5777 quam
1206 5704 1341 5777 apricolis
1358 5705 1478 5778 expedit.

1552 5797 1586 5843 tta
