3870 6134
882 272 950 349 ist

70 458 173 516 πόλεως
187 464 220 515 έν
232 467 287 516 τοῖς
299 465 388 532 μέσοις
402 457 572 517 τῶνκιύνων
580 455 675 516 τύποις
686 462 882 530 κατασκευαζύ·
932 470 965 519 'tc
998 470 1064 532 τίω,
1086 460 1215 534 μηδαμῶς
1237 460 1370 536 ἀναβολῆς
1385 469 1536 539 γινομένης.
1570 471 1745 523 Γινωσκέτω·

69 551 137 598 μινα
152 529 336 616 ,ἐργαστήρια
361 529 490 604 καθάπερ
512 528 548 584 ἀν
571 528 722 612 δοκιμάσειε
744 534 778 605 τῇ
805 532 883 586 πόλει
932 551 986 586 σαν
1007 531 1038 586 δέ
1061 532 1171 597 πάντες,
1194 529 1255 587 δσοι
1276 533 1392 588 κωλύειν
1414 537 1577 615 ἐπιχριροῦσι
1598 534 1661 590 τοὺς
1677 537 1746 590 oino-

70 295 115 343 σε
135 293 320 345 snomcns
340 294 494 345 eminus
1605 281 1682 349 vm
1704 285 1744 348 10

70 616 215 686 συμφερειν
231 621 256 681 η’
269 618 303 665 ση
323 599 540 670 μεγαλοπρέπεια
560 603 606 650 καί
623 619 671 651 του
687 605 786 669 μέτρου
804 605 882 653 ένικα
932 599 1096 684 δομσῦντας,
1128 598 1164 654 ῶς
1195 597 1361 669 ἡττηθέντες
1392 607 1437 655 καί
1463 620 1510 656 τας
1535 606 1630 672 ζημίας
1656 601 1747 658 αὑτοῖς
1850 613 1853 616 ”

70 687 112 718 και
133 687 184 719 τον
208 686 324 737 τροπου,
347 667 600 733 κατασκευάζεσθαι
624 668 807 737 θεσπίζομεν·
836 671 883 734 τῆς
932 686 1020 724 πασας
1037 668 1084 722 τάς
1101 668 1241 736 συμβάσας
1258 668 1446 738 καταθήσουσι
1466 674 1512 723 καλ
1529 671 1580 737 τὴν
1596 674 1655 724 τῶν
1671 669 1747 725 ὑλῶν

70 732 191 801 ἰσότητος
218 733 321 801 δηλαδὴ
343 737 412 789 πᾶσι
437 734 652 820 φυλαττομένης,
679 731 751 788 ῶστε
776 735 814 804 μὴ
836 739 884 790 ἐπί
932 735 1025 805 τιμάν,
1049 734 1080 789 ἀς
1103 737 1171 788 εἰκός
1194 735 1385 808 διαφθαρῆναι
1406 735 1423 805 ἢ
1445 744 1487 803 χεί
1567 740 1698 811 γίνεσθαι
1715 742 1747 791 ίν

70 822 154 854 τινων
179 802 312 874 γειτόνων
338 805 489 875 έπιτραπέν
515 806 549 872 ἐφ
589 803 691 873 ε’τέρων
716 802 882 857 κωλύεσθαι.
931 807 973 871 τῷ
996 808 1044 870 τῆς
1065 802 1139 870 δίκης
1159 803 1264 875 χρόνῳ·
1288 811 1333 858 καί
1354 807 1413 858 τῶν
1434 805 1465 858 οὑ
1486 756 1598 861 δλύῦίως
1615 810 1745 880 ἐπιχειρη·

71 874 84 922 ῖ
118 866 236 923 Κάκεῖνο
259 868 290 924 δι’
312 872 530 939 νομοθετοῦμεν,
554 864 626 924 bere
642 870 681 938 μὴ
696 870 744 924 τάς
760 874 821 925 τῶν
838 888 881 923 συ·
932 873 1044 925 σάντων
1059 869 1219 941 οἰκοδομεῖν,
1243 874 1267 925 εἰ
1284 870 1438 941 ἡττηθεῖσιν,
1461 878 1506 927 καί
1527 874 1575 928 τάς
1592 878 1687 943 ζημίας
1702 876 1745 960 τῷ

69 940 216 1007 κοφαντῶν
245 945 418 1004 κακοτεχνίας
448 944 504 992 τοῖς
535 941 663 992 ἐπιεικέσι
692 936 883 1007 λυμαίνεσθαι.
932 937 1094 994 κεκωλυκύτι
1111 939 1143 992 τὸ
1160 937 1328 1009 οἰκοδόμημα
1344 947 1389 993 καί
1407 939 1485 1008 δίκην
1502 944 1589 996 εἰπεῖν
1605 945 1667 1014 περί
1684 962 1745 996 του·

70 1005 162 1060 πολλοὶ
184 1005 236 1079 γὰρ
259 1006 361 1077 φθόνῳ
383 1004 459 1059 δίκας
481 1003 529 1059 οὑκ
552 1003 715 1073 ἀδικήματός
737 1025 811 1061 τινος
827 1013 883 1060 τοῖς
933 1015 948 1061 8
982 1028 1041 1061 των
1064 1006 1258 1079 ἠναγκασμένοι
1282 1010 1498 1063 κατατιθέντων.
1538 1013 1636 1063 [lacau
1652 1013 1746 1077 μέντοι

69 1072 219 1143 οἰκοδομεῖν
244 1074 415 1143 βουλομένοις
440 1072 599 1145 ὑφαίνοντες
626 1072 773 1142 ἀναβολῶν
800 1075 882 1128 αἴτιοι
931 1074 1062 1142 τοιαύτην
1079 1073 1157 1141 δίκην
1175 1077 1204 1138 έξ
1226 1073 1388 1147 ἀποφάσεως
1404 1076 1488 1146 μόνου
1506 1081 1554 1131 τοῦ
1572 1076 1746 1149 δικαστηρίου

70 1140 157 1194 αὑτοῖς
173 1149 307 1229 γίνονται,
326 1138 397 1197 ῶστε
414 1142 464 1196 τὸν
481 1140 632 1217 οἰκοδομεῖν
646 1139 805 1214 ἀρξάμενον,
823 1143 882 1196 elea
932 1147 979 1196 τοῦ
998 1147 1047 1195 σοῦ
1063 1146 1196 1214 μεγέθους
1212 1146 1357 1213 κρίνεσθαι
1375 1144 1529 1213 κελεύομεν,
1554 1151 1599 1198 καί
1615 1147 1683 1214 μητε
1700 1144 1745 1199 ἀλ·

69 1209 231 1263 κωλυθεντα
247 1215 294 1262 καί
311 1210 343 1263 τό
361 1214 440 1282 ἔργον
457 1206 547 1263 ἀτελές
568 1209 727 1264 καταλιπεῖν
749 1210 881 1282 ἧναγκασ-
932 1210 980 1264 λον
1002 1209 1065 1264 τινὰ
1088 1214 1147 1264 τῶν
1165 1210 1292 1274 ’ἐνδόξων
1313 1210 1455 1285 ἀρχόντων
1477 1212 1668 1285 ἀκροάσασθαι
1691 1233 1762 1283 τοι·Ι

68 1282 150 1344 μένον
164 1283 210 1330 καὶ
225 1278 292 1348 πρὸς
304 1278 337 1332 τό
351 1275 525 1349 δικαστήριον
538 1276 724 1349 ἀφελκόμενον
739 1279 770 1331 τὸ
785 1281 881 1350 χρῆμα,
933 1277 1014 1345 αύτης
1030 1275 1190 1333 ὑποθέσεως
1205 1279 1273 1347 μήτε
1291 1282 1366 1333 τινας
1388 1284 1447 1334 τῶν
1463 1278 1673 1353 ἀγωνιζομένων
1691 1301 1746 1334 τοι·

69 1346 97 1407 ἐξ
119 1333 151 1399 οὑ
175 1344 227 1412 τὴν
247 1348 338 1399 οἰκίαν
361 1351 474 1429 ἐγείρειν
497 1344 623 1412 ἤλπισεν,
647 1343 803 1400 ἀναλίσκειν
820 1351 882 1417 περὶ
933 1347 1018 1414 αύτην
1043 1342 1181 1400 ὑπόθεσιν
1204 1354 1345 1417 στρατείας
1368 1346 1385 1414 ἢ
1429 1346 1493 1421 ύρσυ
1514 1348 1636 1419 χρῆσθαι
1657 1366 1746 1420 παρα·

68 1413 118 1478 τὴν
144 1409 232 1480 δίκην,
258 1420 303 1467 καλ
329 1413 362 1467 τὸ
389 1434 505 1469 παντων
530 1411 724 1478 ἀτοπώτατον,
756 1414 824 1483 μετὰ
849 1414 881 1466 τό
931 1417 1022 1498 γραφῆ
1049 1418 1127 1467 ἕνεκα
1151 1417 1198 1467 τοῦ
1246 1415 1262 1482 ὴ
1288 1370 1457 1469 δικάσασθαι
1479 1411 1496 1483 ἢ
1519 1417 1556 1484 μὴ
1582 1416 1746 1470 καταθεῖναι

69 1480 159 1551 ψήφου
183 1479 301 1548 νικώσης
324 1486 461 1548 ίπιτοχεῖν
482 1485 523 1535 έτι
548 1479 677 1553 καθάπερ
699 1478 805 1535 ἀλύτοις
826 1487 882 1535 τισί
933 1502 982 1535 τας
1003 1471 1108 1550 ζημίας,
1131 1477 1196 1535 ὑσας
1218 1437 1313 1536 δοῦναι
1337 1486 1371 1551 τῆ
1395 1481 1479 1555 ψήφῳ
1503 1488 1551 1536 τοῦ
1568 1482 1747 1547 ἐνδοξοτάτων

69 1548 277 1617 συμπεπλέχθαι
307 1547 426 1618 δεσμοῖς,
458 1552 506 1603 τοῦ
537 1548 708 1603 κωλύσαντος
738 1550 771 1604 τό
803 1552 882 1623 ἔργον
932 1548 1048 1620 ἐπάρχου
1065 1553 1111 1616 τῆς
1128 1549 1232 1605 πόλεως
1250 1549 1330 1617 ἢτοῦ
1349 1539 1416 1624 ὑεαρ’
1434 1550 1517 1605 αὑτοῦ
1533 1549 1745 1605 δοθέντσςδιαι-

69 1617 238 1686 προσχήματι
254 1620 306 1686 μέν
323 1623 439 1688 ἐφέσεως
456 1619 503 1671 τάς
520 1626 609 1689 κυρίας
626 1614 822 1687 ἀναμένοντος,
840 1620 881 1684 τῷ
932 1622 1014 1685 τητοὺ
1039 1620 1238 1689 προσταχθείη,
1264 1616 1330 1673 ἀλλά
1354 1619 1405 1686 τὴν
1428 1617 1577 1685 ἀπαίτησιν
1599 1616 1746 1689 ὑπομένειν

69 1682 98 1736 δέ
115 1683 246 1753 ἐμποδῶν
260 1689 391 1757 γίνεσθαι
409 1687 442 1751 τη
460 1684 601 1753 οἰκοδομίᾳ
619 1690 664 1738 ἐπὶ
682 1691 741 1739 ταῖς
760 1688 806 1739 τοῦ
830 1693 882 1757 yet·
932 1687 981 1740 τὸν
1005 1681 1162 1752 ἡττηθέντα
1188 1684 1233 1738 διὰ
1255 1689 1300 1752 τῆς
1322 1686 1423 1749 τάξεως
1446 1689 1492 1755 τῆς
1515 1690 1562 1752 σῆς
1581 1686 1745 1761 μεγαλοπρε-

70 1758 102 1806 la
134 1770 214 1806 τονος
236 1758 385 1835 συμφοραῖς
407 1739 628 1825 εῦφραινομείου.
672 1754 832 1826 Προστάττο
866 1774 883 1806 ν
933 1761 1017 1817 ποίας,
1030 1751 1144 1822 μηδενὸς
1158 1758 1203 1808 ἐπὶ
1217 1753 1305 1820 τούτῳ
1321 1760 1460 1828 χρωμένου
1474 1751 1557 1826 φύρου
1570 1757 1744 1837 παραγραφῆ.

69 1826 170 1884 τοίνυν,
194 1824 240 1875 ἐπὶ
262 1841 323 1875 των
342 1819 477 1875 τοιούτων
496 1819 661 1874 ὑποθέσεων
677 1826 701 1874 εἰ
719 1824 808 1892 έφεσις
839 1840 882 1875 πι-
932 1830 948 1877 9
983 1827 1139 1875 Ποονοείτω
1164 1820 1193 1874 δι’
1216 1824 1232 1888 ἡ
1256 1823 1290 1889 ar}
1311 1823 1530 1894 μεγαλοπρέπεια
1546 1826 1594 1876 τοῦ
1612 1845 1649 1891 μη
1667 1810 1745 1876 τινός

70 1885 164 1955 δοθείη
191 1887 261 1942 κατὰ
286 1891 346 1942 τῶν
371 1891 565 1944 τυπωθέντων
592 1889 665 1960 παρὰ
691 1894 740 1944 τοῦ
767 1887 882 1960 διαγνῶ·
932 1895 990 1944 τῶν
1009 1873 1199 1961 λργολάβωνῆ
1222 1893 1355 1955 τεχνιτῶν
1377 1888 1540 1959 ἀρξαμένους
1563 1893 1640 1963 ἐργου
1663 1893 1746 1944 τοῦτο

69 1973 159 2024 μονος,
176 1951 233 2025 ἅμα
250 1958 291 2039 uqi
309 1954 429 2023 δοθῆναι
447 1957 522 2028 παρὰ
539 1961 587 2010 τοῦ
605 1956 734 2009 δικαστοῦ
751 1958 801 2024 την
818 1954 882 2009 ἀνα·
932 1956 1147 2026 καταλιμπάνειν
1164 1954 1261 2023 ἀτελές,
1279 1957 1338 2011 ἀλλ’
1359 1954 1443 2012 αὑτὸν
1459 1962 1510 2026 μέν
1527 1957 1578 2011 τόν
1594 1955 1745 2029 ἀρξάμενον

70 2022 155 2096 φορὰν
171 2024 232 2090 η’τσι
250 2042 339 2079 τυπον
356 2027 492 2098 ἔγγραφον
509 2031 554 2077 καὶ
572 2025 608 2091 μὴ
623 2026 883 2103 παραφυλαχθείσης
933 2025 1110 2094 λαμβάνοντα
1141 2025 1190 2078 τὸν
1222 2027 1328 2093 μισθὸν
1361 2025 1537 2097 ἀναγκαζέτω
1568 2025 1687 2098 πληροῦν
1712 2024 1746 2079 τό

69 2098 158 2163 κυρίας
175 2092 275 2154 ἐξεῖναι
299 2094 339 2160 τῷ
363 2092 514 2158 νενικηκότι
537 2096 640 2159 καὶτῷ
660 2097 808 2160 ηττηθέντι
827 2089 883 2161 ἅμα
933 2098 1012 2176 ἔργον
1035 2090 1052 2159 ἢ
1075 2091 1181 2146 διδόναι
1204 2094 1255 2159 τὴν
1279 2096 1410 2148 ἐντεῦθεν
1427 2101 1629 2162 συμβαίνουσαν
1646 2097 1747 2162 ζημίαν

70 2155 85 2224 ἦ
100 2157 255 2228 καταμόνας
272 2162 309 2213 εἰς
325 2159 357 2213 τὸ
374 2157 550 2231 δικαστήριον
567 2163 612 2227 τῆς
634 2164 681 2228 σι’,ς
703 2163 815 2214 εἰσιέναι
837 2182 882 2230 με·
932 2184 972 2229 regi
991 2159 1179 2229 οἰκοδομοῦντι
1196 2167 1240 2213 καί
1259 2166 1352 2215 πάσαν
1369 2162 1420 2228 τὴν
1437 2166 1466 2213 lu
1483 2166 1531 2215 τοῦ
1549 2161 1586 2230 μὴ
1603 2164 1634 2214 τὺ
1650 2165 1746 2234 ἔργονι

69 2227 277 2299 γαλοπρεπείας,
302 2233 347 2280 καὶ
370 2231 419 2280 τοῦ
442 2225 581 2281 ἀντιδίκου
599 2228 747 2295 κληθέντος
764 2228 832 2281 κατὰ
851 2227 882 2283 τὸ
932 2235 1078 2302 γινομένην
1095 2226 1209 2298 βλάβην,
1228 2232 1252 2281 εἰ
1270 2228 1300 2282 δέ
1318 2234 1399 2294 πένης
1416 2234 1465 2283 τεῖ
1483 2232 1523 2296 εἰη
1541 2229 1622 2296 τυχόν
1636 2224 1651 2281 ό
1665 2231 1747 2282 τοῦτο

70 2297 192 2362 σύνηθές,
217 2297 241 2348 ei
258 2296 364 2359 ἄπεστι,
387 2295 437 2349 τόν
456 2292 521 2376 δρον
538 2299 586 2348 τοῦ
605 2293 745 2362 διαιτητοῦ
763 2297 882 2370 φανερόν
932 2296 1070 2369 άμαρταίν,
1095 2296 1197 2369 πληγάς
1213 2318 1243 2349 τε
1261 2297 1424 2366 λαμβανέτω
1442 2303 1487 2349 καὶ
1505 2297 1683 2365 έκβαλλέσθω
1700 2299 1747 2362 τῆς

71 2368 165 2428 ποιεῖν,
186 2365 232 2415 ἵνα
255 2363 342 2429 πάσης
363 2360 498 2431 άναβολης
519 2366 674 2429 ἐκκοπείσης
691 2362 806 2432 νόμιμον
824 2370 882 2418 ἐπι·
932 2372 967 2419 iba
1002 2363 1112 2418 πόλεως.
1158 2365 1205 2429 Μὴ
1237 2364 1387 2418 κωλυέσθω
1418 2363 1449 2418 δέ
1479 2370 1567 2447 ἕτερος
1592 2367 1638 2431 τῆς
1666 2362 1747 2429 αὑτῆς

70 2433 163 2497 τεθείη
180 2435 264 2502 πέρας
280 2433 314 2497 τῆ
332 2427 473 2495 ὑποθέσει,
490 2437 535 2483 καί
552 2431 590 2499 μὴ
603 2435 741 2499 χειμῶνος,
760 2432 882 2498 εἰτύχοι,
931 2438 1025 2498 τέχνης
1042 2432 1074 2484 τὸ
1089 2427 1159 2501 παρ’
1179 2434 1270 2502 ἑτέρου
1285 2431 1389 2503 ἀρχθέν
1403 2432 1562 2504 ἐκπληροῦν,
1580 2429 1648 2501 ὑπερ
1663 2433 1745 2503 ἐγνω·

70 2496 203 2570 παρόντος
224 2494 242 2565 ἢ
264 2486 473 2565 πλησιάζοντος,
496 2503 546 2551 bars
564 2504 736 2570 περιμένουσι
754 2499 816 2553 τοὺς
832 2522 881 2567 μα·
931 2522 982 2569 μεν
1000 2499 1157 2567 τολμᾶσθαι
1174 2500 1244 2553 κατὰ
1261 2504 1320 2554 τῶν
1337 2498 1556 2582 οῖκοδομοὺντων
1570 2502 1654 2552 οἰκίας
1672 2496 1746 2570 παρά

71 2568 144 2638 κροὺς
175 2568 235 2620 τῶν
266 2568 471 2637 ίμπροθέσμων
497 2567 620 2640 χρόνους,
652 2566 702 2620 τὸν
732 2566 882 2636 οἰκοδομεῖν
932 2571 990 2620 τῶν
1008 2564 1164 2638 ἐργολάβων
1182 2564 1215 2633 ἢ3
1237 2571 1378 2633 τεχνιτῶν,
1402 2589 1464 2622 ουτε
1482 2564 1576 2621 αὑτῶν
1593 2566 1625 2620 τό
1643 2565 1746 2619 τέλειον

70 2633 241 2701 βουληθέντα
264 2640 309 2686 καί
330 2633 368 2702 μὴ
391 2632 503 2688 δικαίως
525 2632 689 2688 κωλυθέντα
706 2638 800 2704 ζημίας
817 2634 882 2707 ἀφο·
932 2638 1120 2688 ἐπιτιθέντων
1146 2635 1184 2688 οῖς
1210 2633 1328 2701 ἧξαντο
1352 2636 1529 2708 ἐργάζεσθαι,
1555 2632 1617 2688 oble
1642 2635 1746 2706 iniquus

71 2701 100 2756 ῖδ
133 2700 228 2775 ρι’]τους
251 2698 404 2770 ὑπομένειν.
446 2701 645 2775 Παραπλήσιον
668 2700 705 2767 δέ,
730 2705 753 2755 εἰ
776 2710 824 2755 καί
842 2722 883 2758 τις
931 2703 967 2756 τὰ
985 2700 1053 2756 αὑτά
1071 2705 1136 2774 ἔργα
1153 2656 1328 2776 ἀναπληροῦν
1345 2700 1571 2775 συγχωρούντων,
1589 2699 1657 2755 ἀλλὰ
1674 2706 1745 2773 ένεγ·

71 2769 200 2824 ὑποθέσει
217 2767 330 2843 τοιαύτη
348 2773 453 2841 έφεῖναι
469 2770 619 2837 βουληθείη
640 2769 810 2841 μεμφόμενος
827 2776 882 2825 τοῖς
932 2775 989 2823 κεῖν
1006 2767 1144 2840 ἀφόρητον
1162 2775 1260 2839 ζημίαν
1278 2772 1409 2824 ἐντεῦθεν
1427 2776 1482 2823 τοῖς
1499 2770 1546 2823 τὰς
1562 2772 1646 2823 οἰκίας
1664 2788 1745 2821 κατα-

72 2839 142 2910 πσρά
163 2855 211 2905 της
231 2840 278 2904 σῖης
325 2837 536 2910 εγαλοπρεπείας
562 2842 768 2908 έηηφισμένοις,
795 2857 881 2911 παρα·
932 2839 965 2893 (λδ
999 2836 1156 2902 σκευάζουσι
1178 2843 1391 2907 μηχανωμένων.
1426 2835 1453 2891 ‘0
1476 2836 1507 2891 δέ
1533 2834 1747 2910 παραιτούμενος

102 2908 154 2973 ’μα
180 2906 232 2972 τὴν
257 2926 292 2958 κα
302 2912 423 2973 ,ουμένην
450 2907 649 2960 consultationi
677 2908 805 2977 γίνεσθαι
836 2911 882 2959 καί
932 2906 963 2959 τό
987 2903 1055 2977 παρ’
1076 2908 1166 2975 ἑτέρου
1190 2904 1294 2978 ἀρχθέν
1311 2906 1485 2977 ἐκπληρῶσαι
1508 2903 1545 2959 δι’
1572 2902 1638 2958 αὑτὸ
1655 2906 1745 2967 τοῦτο,

111 2974 201 3028 ασθαι
224 2977 271 3027 καὶ
296 2971 372 3040 αύτῷ
399 2979 444 3026 καί
470 2976 512 3041 τῶ
538 2973 691 3040 νενικηκότι
715 2975 882 3028 σκοπεῖσθαι
932 2969 976 3027 ὑτι
993 2978 1082 3043 ἔτερος
1098 2972 1205 3058 ηρξατο,
1223 2979 1269 3027 καί
1287 2970 1367 3028 αὑτὸς
1383 2972 1580 3044 παραπλησίαν
1597 2975 1638 3039 τῷ
1662 2991 1745 3025 κατα-

72 3040 135 3095 neri
152 3040 185 3095 τὸ
203 3039 304 3094 εἰωθός
320 3041 371 3107 τὴν
389 3043 482 3112 ψῆφον
499 3043 531 3095 ἐν
546 3044 587 3109 τῷ
610 3043 682 3108 θείῳ
700 3036 778 3110 ἡμῶν
796 3040 882 3096 παλα·
933 3039 1041 3094 λιπόντι
1058 3039 1091 3094 τὸ
1109 3047 1189 3112 ίργον
1206 3037 1328 3106 ὑπεχέτω
1345 3038 1437 3107 δίκην..

73 3216 100 3278 (1)
115 3209 281 3277 τελεσθῆναι
300 3216 344 3265 ins.
364 3215 514 3281 Auqusti'nus
581 3214 615 3276 (b)
633 3231 663 3263 τε
682 3214 729 3264 del.
748 3214 859 3265 Hercber
927 3216 960 3277 (ε)
977 3209 994 3278 ἦ
1012 3233 1056 3264 orn.
1076 3213 1141 3273 libri,
1159 3214 1239 3279 suppl.
1259 3212 1400 3265 Hermann

757 3339 773 3343 .-
802 3338 912 3345 -...-—
1042 3339 1109 3344 —.
1125 3339 1129 3343 .
1152 3338 1296 3343 -........-—
1309 3337 1417 3345 -.-..-..

1602 3337 1745 3348 --..--.

72 3430 131 3470 uero
147 3414 178 3468 in
194 3413 259 3469 aliis
275 3414 350 3470 urbis
364 3414 493 3486 partibus
509 3416 581 3470 inter
596 3414 738 3469 columnas
753 3414 883 3469 tabernae
933 3415 982 3485 qui
1001 3413 1150 3494 probibere
1175 3415 1351 3484 aedificantes
1373 3422 1568 3486 praesumunt,
1601 3417 1687 3472 uictos
1716 3435 1747 3474 se

73 3484 285 3548 constituuntur,
308 3482 533 3553 quemadmodum
555 3483 616 3537 urbi
639 3484 791 3537 concinuere
811 3482 882 3536 iurii-
933 3500 1025 3536 omnia
1048 3500 1120 3552 quae
1139 3483 1296 3538 obvenerint
1311 3484 1412 3537 damria
1429 3483 1486 3536 illis
1502 3484 1680 3539 restituturos
1697 3503 1747 3540 nec

73 3551 171 3606 aiau
186 3556 234 3604 tua
247 3548 556 3621 maqnificentiaquaael
567 3550 881 3614 merisruametruodnm,
932 3567 988 3604 non
1011 3552 1188 3604 materiarum
1219 3552 1340 3614 tretium,
1364 3567 1435 3621 quae
1454 3551 1529 3604 intra
1547 3551 1604 3605 litis
1622 3560 1746 3624 tempora

72 3618 161 3672 eatnei
177 3618 331 3672 sancimus:
353 3618 519 3688 aequalitate
542 3619 666 3674 videlicet
685 3618 808 3671 omnibus
824 3634 881 3672 ser-
932 3628 1081 3689 correeptae
1112 3627 1160 3672 αυί
1209 3619 1339 3673 eteriores
1363 3620 1460 3688 factae
1485 3635 1543 3673 esse
1568 3619 1747 3675 videbuntur:

73 3693 146 3751 rata,
168 3701 218 3750 ne,
261 3684 318 3739 uod
334 3686 397 3739 aliis
414 3685 510 3740 ticinis
521 3687 702 3757 permittitur,
723 3686 786 3739 aliis
803 3684 882 3740 dene·
932 3687 953 3738 ii
969 3703 1087 3764 quoque,
1105 3687 1153 3756 qui
1170 3687 1325 3741 contraius
1339 3686 1486 3753 aedificare
1498 3690 1745 3757 praesumpserint,

72 3701 416 3876 Maturffilud'ettiam
434 3753 494 3890 ίεγε
511 3752 722 3824 complectimur,
746 3771 780 3808 ne
796 3751 883 3825 probi
925 3748 956 3806 'si
974 3754 1036 3808 rictu
1053 3754 1169 3822 fuerint,
1187 3754 1287 3807 damna
1304 3754 1455 3808 resarcient
1471 3753 1509 3816 ei,
1533 3755 1581 3824 qui
1598 3755 1746 3825 aedificare

140 3837 191 3876 nes
253 3837 344 3875 munio
357 3837 435 3874 orum

468 3820 600 3875 enodibus
617 3820 770 3875 laedantur.
803 3821 883 3875 multi
930 3820 1073 3892 probibuit
1095 3828 1123 3876 et
1146 3822 1219 3877 litem
1241 3838 1274 3874 ca
1298 3820 1384 3876 dere
1409 3821 1551 3875 instituere
1568 3830 1680 3877 coactus
1696 3832 1743 3879 est.

71 3889 137 3942 enim
159 3888 266 3944 inuidia
288 3887 349 3943 lites
371 3889 449 3942 nulla
471 3889 575 3943 iniuria
599 3895 711 3959 accepta
735 3888 883 3958 aedificare

933 3892 948 3942 8
985 3892 1094 3943 (linirem
1118 3905 1182 3944 vero
1204 3888 1358 3943 buiusmoeli
1375 3889 1448 3942 litem
1465 3888 1553 3942 solius
1569 3888 1664 3943 iudicii
1682 3898 1746 3946 tuae

71 3956 219 4014 selmana
235 3964 371 4011 struentes
388 3972 481 4011 morae
503 3957 572 4027 ipsis
594 3964 723 4010 auctores
737 3957 818 4025 fiunt,
841 3956 882 4010 ita
933 3957 1128 4026 maqnituetinis
1153 3957 1286 4011 sententia
1317 3955 1463 4010 diiudicari
1488 3957 1692 4028 praecipimus,
1718 3965 1747 4015 et

932 4024 1120 4145 {¹0³bele
1138 4025 1296 4147 tibitibi,
1312 4024 1687 4146 bilibribwlbbmb
1704 4033 1745 4149 ‘bi

932 4159 1064 4213 eiusmodi
1082 4174 1167 4214 causa
1184 4109 1429 4225 carennqmiluiab
1446 4165 1496 4212 aut
1510 4160 1572 4228 fori
1583 4109 1744 4234 prabscnp·

933 4227 1007 4281 tione
1029 4228 1085 4293 uli,
1107 4245 1161 4298 quo
1185 4229 1285 4282 evitent
1307 4227 1435 4282 iudicium
1453 4233 1502 4280 σαί
1519 4243 1575 4281 non
1592 4227 1745 4296 refundant

932 4294 1042 4360 damna,
1065 4312 1137 4366 quae
1150 4312 1205 4367 per
1220 4297 1381 4350 sententiam
1399 4295 1592 4367 qlori‘osissimi
1602 4297 1745 4373 praefecti

933 4362 994 4418 urbi
1018 4363 1060 4418 uel
1081 4363 1141 4417 dati
1161 4363 1196 4417 ab
1213 4380 1246 4418 eo
1263 4363 1361 4417 iudicis
1374 4370 1522 4441 praestare
1538 4363 1605 4416 iussi
1621 4363 1745 4432 fuerint:

931 4430 980 4484 sed
1002 4432 1101 4486 victum
1125 4432 1298 4486 exactionem
1314 4440 1448 4485 sustinere
1491 4447 1522 4484 er
1539 4430 1663 4500 offcium
1682 4440 1745 4487 tuae

932 4499 1158 4569 maqnifceutiae,
1176 4499 1281 4552 neniine
1294 4499 1324 4551 in
1337 4498 1390 4552 bac
1403 4515 1434 4553 re
1465 4499 1508 4552 ori
1520 4499 1745 4571 praescriptione

932 4571 948 4620 9
983 4572 1080 4621 utente.
1122 4563 1272 4621 Prouideat
1294 4573 1383 4620 autem
1406 4566 1609 4636 maqnificentia
1627 4573 1689 4630 tua,
1710 4584 1745 4622 ne

932 4635 980 4705 qui
988 4634 1180 4704 erqolaborum
1195 4634 1237 4688 uel
1251 4634 1388 4702 artificum
1403 4650 1487 4704 opere
1500 4632 1629 4688 incleoato
1644 4635 1744 4756 imper·
1767 4676 1770 4682 f

69 4033 103 4091 it,
121 4025 173 4096 qui
190 4039 222 4079 σο
258 4030 320 4079 erat
336 4022 397 4078 aedi
418 4040 491 4088 care,
514 4024 610 4079 δείαιίε
622 4022 783 4097 probibitus
800 4039 882 4095 opus-

67 4107 117 4160 que
140 4041 334 4164 iuiperzctum
355 4092 511 4162 reinquere
532 4100 645 4147 coactus
663 4099 691 4146 et
706 4093 736 4144 in
752 4090 882 4145 iudicium

63 4165 233 4280 protractusl
236 4160 396 4239 pecuniam,
410 4176 467 4230 pro
482 4176 539 4229 qua
552 4166 682 4214 extruere
696 4159 882 4281 ‹lomumhspe-

61 4228 208 4374 ἀλλά
225 4228 882 4373 λθέῗλὲλλίῗολλῖθῖίάλᾚλιλάξ

58 4361 229 4423 solubilibus
246 4362 360 4417 uinculis
376 4367 528 4426 irretiatur,
552 4361 615 4416 dum
634 4379 659 4416 es
676 4378 723 4432 qui
736 4361 883 4433 probibuit

56 4444 138 4506 opus
162 4429 274 4484 obtentu
290 4430 487 4508 appellationis
507 4430 613 4499 fatales
635 4429 839 4508 ‹lies-expectat
855 4436 884 4484 et

54 4511 89 4557 te
112 4497 310 4570 impedimento
334 4513 410 4568 operi
432 4498 521 4566 fuisse
544 4513 605 4552 cum
627 4513 707 4552 maru
726 4497 882 4552 calamitate

54 4565 96 4624 'ta
133 4564 247 4646 qaudet.
289 4564 482 4620 Censtituimus
504 4566 611 4635 itaque,
634 4572 674 4629 ut,
696 4565 722 4619 si
742 4565 771 4618 in
789 4564 882 4619 liuius·

50 4634 140 4692 modi
163 4633 257 4687 σακείε
283 4631 434 4705 appellatio
463 4632 593 4687 adrasus
618 4631 727 4687 decreta
758 4633 881 4702 coquito-

50 4706 101 4760 ri‘s
126 4700 296 4778 interposita
320 4701 369 4763 sit,
396 4700 560 4778 simulatque
581 4699 680 4755 relatio
703 4700 760 4754 siue
785 4702 882 4770 fornia
930 4703 1035 4771 fectum
1058 4701 1111 4756 lioc
1134 4702 1303 4771 relinquant,
1327 4701 1457 4756 sedeam
1478 4701 1744 4772 quiopusincoa·

48 4772 174 4844 scripta
197 4785 216 4821 a
237 4767 327 4823 iudice
348 4766 415 4821 data
433 4768 535 4838 fuerit,
559 4783 609 4822 nec
632 4767 775 4822 observato
795 4768 882 4836 fatali

50 4832 149 4896 liceat
167 4836 266 4892 uictori
289 4842 315 4890 et
337 4835 408 4891 uicto
431 4851 488 4889 una
508 4851 569 4889 eum
586 4835 746 4890 αιίααςανίο
764 4835 807 4890 uel
828 4835 882 4890 soli

48 4905 89 4963 im
121 4903 220 4975 maqni
240 4903 345 4958 centiae
374 4910 437 4957 tuae
461 4902 582 4956 tribunal
603 4903 712 4973 inqrati
736 4909 765 4957 et
786 4902 882 4958 aduer-

48 4975 144 5032 sario
175 4970 259 5026 soito
290 4986 366 5025 more
397 4977 510 5034 uocato,
542 4971 567 5023 si
589 4970 675 5034 absit,
699 4971 797 5025 iudicis
822 4987 881 5025 sen·

52 5042 182 5102 tentiam
200 5038 376 5109 manifestam
390 5038 495 5116 facere,
513 5044 544 5092 ut
561 5038 635 5092 omni
652 5037 784 5094 dilatione
820 5054 881 5092 rac-

50 5112 124 5166 α’ςσ
139 5106 278 5185 leqiti'mus
284 5106 355 5227 puis
369 5121 468 5184 causae
481 5112 639 5176 imponatur
653 5122 749 5226 neque,
763 5055 882 5160 sibime

50 5181 144 5243 forte
161 5173 236 5229 adsit
253 5191 283 5229 ue
311 5181 524 5245 appropinquet,
541 5173 605 5226 dum
623 5189 685 5244 amp
698 5190 716 5227 a
733 5181 882 5245 expectant

50 5243 200 5311 fatalium
218 5248 351 5312 tempora,
367 5243 400 5305 is,
417 5243 466 5311 qui
482 5239 630 5319 aedificare
644 5241 731 5295 uoluit
744 5251 771 5296 et
784 5247 881 5296 contra

53 5312 108 5369 ius
127 5307 290 5383 probibitus
317 5314 371 5373 est,
401 5307 586 5362 intolerabilia
612 5307 713 5362 damna
738 5309 880 5362 sustineat.

58 5381 98 5436 ie
136 5375 226 5433 Simili
242 5375 333 5440 morlo,
350 5376 376 5430 si
392 5377 454 5447 quis
466 5377 497 5430 in
513 5375 563 5430 tali
577 5376 765 5431 controuersia
779 5392 881 5456 prouo-

59 5463 133 5505 care
148 5443 268 5502 voluerit
282 5443 413 5498 incusans
428 5460 471 5510 ea,
489 5461 561 5515 quae
578 5461 596 5498 a
614 5449 661 5498 tua
678 5444 882 5514 maqnifuenti'a

62 5515 179 5573 decr-ma
202 5517 282 5577 sunt,
306 5511 452 5581 confestim
478 5511 643 5567 consultatio
669 5527 741 5582 quae
767 5519 882 5567 uocatur

62 5583 133 5650 fiat,
155 5584 264 5636 ettam
289 5579 346 5652 ipsi
374 5596 457 5650 quani
487 5580 585 5635 victori
610 5596 686 5634 more
710 5578 793 5634 solito
819 5595 881 5634 seii·

67 5649 184 5707 mnam
205 5647 237 5701 iii
260 5663 342 5703 sacro
364 5653 462 5701 nostro
484 5647 593 5719 polono
616 5647 778 5702 examinare
800 5647 883 5703 licem

69 5720 102 5773 tc
134 5715 211 5771 omni
222 5713 356 5771 aunone
369 5719 499 5771 cessante.
526 5715 660 5771 Nouaint
674 5721 765 5771 autem
779 5731 881 5783 omnes,

932 4769 1001 4825 uerit
1015 4776 1128 4840 accepta
1142 4769 1266 4824 mercede
1280 4775 1363 4839 coqat
1377 4785 1449 4840 opus
1476 4769 1588 4838 erficere
1602 4762 1652 4823 alt
1662 4785 1744 4840 prae·

931 4845 1007 4891 stare
1028 4837 1173 4901 δοωααω,
1198 4836 1275 4907 quod
1296 4786 1555 4905 innocentianam·
1576 4837 1693 4902 eueniat,
1717 4844 1746 4894 et

932 4921 1038 4960 omnem
1063 4921 1168 4960 riotcam
1193 4921 1231 4959 ete
1257 4921 1340 4975 opere
1362 4921 1419 4958 non
1460 4904 1565 5024 erfecto
1587 4904 1745 4959 orinridam:

932 4972 1007 5094 ρεαδ
1023 4973 1048 5027 si
1065 4989 1177 5043 pauper
1192 4974 1270 5042 forte
1286 4973 1323 5026 sit
1339 4972 1388 5042 qui
1404 4972 1415 5025 i
1451 4970 1484 5026 de
1494 4972 1573 5041 iquit,
1590 4970 1745 5026 uerberibus

948 5057 968 5094 α
993 5039 1126 5095 caedatur
1138 5048 1165 5095 et
1179 5040 1245 5095 urbe
1256 5040 1377 5094 eiciatur.
1406 5039 1463 5094 Nec
1472 5055 1535 5094 uero
1546 5039 1617 5092 alius
1625 5039 1744 5094 εῖααίεω

932 5108 1001 5162 artis
1019 5107 1094 5178 quod
1117 5107 1150 5162 ab
1174 5108 1231 5162 alio
1253 5124 1286 5162 co
1323 5115 1379 5161 tum
1396 5114 1437 5160 est
1449 5107 1584 5178 perficere
1595 5105 1744 5179 probibea-

934 5182 987 5240 tur,
1009 5174 1085 5246 quod
1105 5181 1204 5230 contra
1221 5124 1414 5244 αειίίάόοίονες
1430 5190 1514 5228 ausos
1529 5175 1619 5253 fuisse
1635 5175 1744 5311 προία-

932 5243 981 5298 bos
994 5244 1010 5312 l
1012 5244 1057 5298 uel
1056 5244 1073 5312 J
1088 5243 1209 5312 artifices
1223 5243 1408 5314 coqiiooimus,
1422 5258 1482 5296 cum
1496 5258 1582 5312 neque
1595 5242 1650 5313 ipsi
1676 5243 1744 5297 ‘nem

932 5310 1106 5388 imponerent
1127 5311 1168 5365 eis
1185 5328 1257 5382 quae
1274 5310 1413 5389 fabricari
1435 5316 1584 5390 coeperant
1603 5310 1743 5432 ρίτηαροφρ

931 5378 1111 5500 tactim
1125 5384 1676 5524 ⁰ttt„tt¹⁸tttttu”fbtbztc?
1714 5446 1744 5523 u·

933 5512 965 5569 9ο
999 5512 1096 5568 domos
1120 5521 1250 5569 εαίταενε
1269 5521 1383 5586 parant.
1428 5513 1480 5579 Qu
1507 5520 1596 5567 autem
1624 5513 1658 5590 ab
1707 5528 1743 5590 Ιιο

931 5587 1059 5661 coeptum
1073 5597 1144 5652 opas
1156 5580 1219 5661 ideo
1234 5581 1374 5660 absolvere
1387 5587 1504 5661 recusat,
1521 5578 1597 5661 quod
1613 5580 1743 5702 αίιάιιγκιιιρ·

931 5649 1137 5787 ρίργρρτιώίωρρ
1152 5649 1327 5774 mugiente
1349 5664 1410 5705 cum
1426 5648 1476 5706 illo
1493 5665 1540 5720 qni
1559 5662 1630 5719 opus

1504 5805 1538 5855 ts
