3832 6126
187 256 293 321 lae

1004 246 1047 318 50

1402 269 1449 316 DE
1469 266 1666 316 EPISCOPALI
1681 268 1870 315 usulensis

878 346 1181 359 ἡ*

187 444 232 509 καί
262 438 290 491 οἱ
319 433 493 500 ἐνδοξότατοι
526 438 585 490 τῶν
611 435 692 504 ἱερῶν
718 432 796 504 ἡμῶν
823 442 1001 508 πριιιιιορίων

186 505 310 579 ῦπαρχοι,
328 509 417 577 φαμέν
435 503 465 557 δὲ
480 504 543 558 τοῦς
559 508 605 570 τῆς
619 501 702 572 Ἑηῖας
719 510 764 558 ἐπὶ
781 510 837 557 τοῖς
855 506 1000 576 ὑποτεταγ-

187 580 275 643 μένοις
297 575 393 626 ἔθνεσι
414 576 449 646 τῇ
474 570 566 626 αὐτῶν
584 571 751 639 δικαιοδοσία
773 574 846 625 οἵτε
863 576 908 639 τῆς
924 572 1000 625 ‘titv-

188 641 260 713 ρίδος
285 642 314 694 οἳ
336 661 367 694 τε
389 643 435 707 τῆς
456 644 564 712 Ἀφριυν
589 644 758 711 προεστῶτες
781 639 935 706 διοικήσειαν
957 645 1002 691 καί

188 710 217 762 αι’
234 707 400 778 πειθόμεναι
418 706 505 768 τάξεις
523 707 611 761 αὐτοῖς
633 715 678 761 καί
695 709 721 760 οἱ
739 706 926 780 λαμπρότατοι
942 711 1002 761 τῶν

188 780 328 848 ἐπαρχιῶν
345 776 469 848 ιῖρχοντες
486 782 531 829 καὶ
548 777 576 828 οἱ
591 779 650 828 τῶν
667 776 775 830 πόλειον
793 775 899 840 ἔκδικοι,
924 774 1001 829 absol

188 849 238 911 μέν
268 845 296 897 oc'
325 844 372 897 τὰς
403 842 519 915 μεγάλας
546 842 628 913 άρχάς
652 842 792 909 άχοντες1
821 842 1003 915 ἀγανάκτησιν

189 912 319 985 ἡμετέραν
336 909 513 984 ὑφορώμενοι,
532 912 561 964 αι’
578 912 609 964 δὲ
625 932 681 965 netu
694 909 789 980 όμεναι
810 914 897 974 τιίξεις
914 908 1003 964 αὐτοῖς

189 982 253 1034 δέκα
270 988 378 1051 χρυσίου
396 980 497 1051 λιτρῶν
515 978 673 1052 άγιονιῶσαι
696 980 801 1045 ποινήν,
825 979 950 1051 άρχοντες
974 977 1003 1031 δέ

190 1047 329 1119 ἐπιχώριοι
352 1051 457 1116 μείζους
480 1053 571 1100 τεκαὶ
590 1045 713 1100 ἐλάττους
730 1054 774 1100 καί
793 1048 823 1099 αἱ
839 1046 1004 1114 πειθόμεναι

189 1115 276 1179 τάξεις
303 1114 392 1169 αὐτοῖς
416 1121 460 1167 καί
487 1115 554 1169 crocis
576 1136 609 1196 γε
635 1115 662 1167 οἱ
686 1119 745 1169 τῶν
768 1115 878 1168 πόλεων
902 1114 1003 1167 ἔκδικοι

188 1181 242 1237 άνά
267 1188 349 1237 πέντε
374 1191 482 1256 χρυσίου
505 1166 607 1253 λιτρων
630 1183 729 1249 ποινὴν
752 1181 955 1251 εὐλαβούμενοι,
980 1185 1004 1234 εἰ

188 1255 277 1305 ταῦτα
299 1252 438 1320 μαθόντες
461 1252 497 1319 μὴ
528 1249 752 1365 προοαηγείλαιεν
775 1257 819 1303 καὶ
846 1249 923 1303 ιιύτοί
950 1256 1004 1303 τοῖς

189 1320 299 1390 ἱερεῦσι,
322 1324 463 1372 τουτέστιν
484 1317 500 1385 ἢ
523 1324 579 1372 τοῖς
604 1316 826 1389 ιεοφιλεοτάτοις
849 1316 1005 1373 ἐπισκόποις

190 1385 205 1453 ἢ
229 1392 284 1440 τοῖς
300 1383 457 1440 όσιωτάτοις
479 1385 689 1457 Διιητροπολίταις
706 1384 722 1452 ἢ
738 1392 793 1440 τοῖς
812 1385 922 1453 ἑκάστης
940 1385 1003 1439 διοι-

189 1453 289 1522 κήσεως
312 1452 471 1526 ἁγιωτάτοις
494 1453 678 1525 πατριάρχαις,
702 1451 767 1507 καθ’
787 1452 820 1520 ἣν
842 1452 877 1506 do
895 1458 1005 1507 ἕκαστος

189 1522 278 1588 τελοίη
302 1523 408 1593 χώραν,
433 1518 504 1576 ὥστε
527 1527 642 1574 ἐκείνους
662 1525 750 1574 ταῦτα
773 1521 917 1590 μαθόντας
936 1521 1006 1575 κατὰ

189 1590 221 1644 τό
245 1594 263 1642 ἔ
280 1593 406 1662 πρόσθεν
428 1588 608 1660 διωρισμένον
626 1586 731 1642 ἅπασιν
748 1590 907 1652 ἐπεξελθεῖν
914 1594 932 1651 ²,
951 1596 1004 1653 καί,

190 1612 303 1712 έπειδῖιν
334 1655 402 1728 παρ’
436 1656 529 1710 αὐτῶν
555 1654 569 1710 ό
598 1661 642 1710 ἐπὶ
673 1664 728 1709 τοῖς
755 1658 885 1711 τοιούτοις
911 1654 1005 1711 άλούς3

190 1727 385 1796 καθαιρεθείη,
407 1725 463 1793 μη*
486 1729 519 1796 τῇ
543 1725 627 1797 βουλῇ
649 1728 695 1791 της
717 1724 820 1778 πόλεως
841 1723 858 1791 ἢ
880 1728 913 1798 τῇ
931 1726 1005 1789 τάξει

195 1799 223 1845 ts
258 1795 356 1845 τοῦτον
388 1791 583 1866 παραδοθῇ-ναι
615 1793 856 1861 παρασκευάσαιεν.
910 1799 964 1845 Καί
991 1790 1006 1846 ό

191 1859 366 1923 ἐνδοξότατος
388 1857 506 1925 ῦπαοχος
529 1864 574 1925 τῆς
596 1858 752 1927 εὐδαίμονος
781 1860 879 1925 ταύτης
902 1861 1006 1914 πόλεως

190 1932 277 1982 ταῦτα
303 1928 448 1998 παραφυίιὶ
465 1950 501 1992 ει,
526 1930 601 1998 εἴπερ
629 1932 673 1981 dni
702 1927 800 1993 ταύτης
822 1925 1006 1999 άμαρτάνοιτο

189 2000 237 2062 τῆς
254 1994 393 2065 βασιλίδος
410 1994 487 2063 ημῶν
505 1995 616 2058 πόλεως,
634 1993 690 2063 ἅμα
708 1999 742 2068 τῇ
760 1997 912 2068 πειθομένῃ
930 1992 1007 2063 abaci

190 2062 273 2128 τάξει,
297 2062 377 2116 αὐτὸς
398 2069 449 2130 μέν
466 2062 650 2128 ἀγανάκτησιν
673 2061 804 2136 ἡμετέρα-ν
825 2061 1006 2151 ὑφορώμενος,

191 2130 254 2197 ndi
278 2130 360 2183 αὐτοῦ
384 2129 458 2194 τάξις
481 2106 545 2184 δέκα
566 2138 673 2199 χρυσίου
698 2130 799 2200 λιτρῶν
824 2131 1007 2200 ευλαβονμείιη

194 2206 224 2252 tt
243 2203 280 2265 (6)
316 2199 421 2265 ποινήν.
456 2197 527 2253 Ἀλλ’
547 2196 620 2266 ἡμεῖς
641 2202 692 2265 μὲν
709 2202 798 2252 ταῦτα
819 2202 1007 2267 νομοθετικῶς

192 2265 375 2337 πεπράχαμεν.
417 2272 501 2319 έκεῖνο
525 2264 555 2318 δὲ
577 2269 636 2318 τῶν
653 2264 904 2343 άιαιηιολογημείαον
921 2273 1006 2330 ἐστίν,

193 2332 228 2388 ῶς
251 2334 314 2403 ἡμῖν
332 2338 383 2402 μὲν
399 2332 561 2406 άφιυσίιυται
584 2333 651 2405 πρὸς
668 2334 718 2386 τόν
736 2335 806 2388 θεον
822 2333 891 2406 ύπὲρ
910 2338 954 2400 τῆς
971 2337 1008 2388 εἰς

194 2409 223 2455 15
259 2400 344 2455 αύτὸν
366 2407 425 2456 τῶν
449 2403 543 2474 ιἐρέων
566 2401 734 2469 σεμνότητος.
770 2405 805 2455 Εἰ
823 2400 853 2454 δὲ
870 2400 949 2455 αύτοί
963 2406 1007 2456 τιῦ

192 2477 391 2540 παραβαίνοιεν
407 2475 467 2523 τῶν
481 2476 656 2541 τεταγμένων
673 2474 718 2521 καί
736 2477 1007 2543 παραπροσποιοῖντο

192 2544 237 2590 καὶ
261 2537 298 2605 μὴ
325 2540 470 2601 έπεξιόιεν,
496 2535 564 2591 itta
589 2557 653 2589 τινα
677 2536 765 2604 δῆθεν
791 2538 1008 2609 φιλανθρωπίαν

192 2607 240 2658 oria
258 2610 404 2673 ἐπαινετὴν
421 2606 533 2669 ἕλοιντο,
552 2604 635 2677 πρός“
652 2605 700 2658 τάς
717 2607 747 2668 ἐξ
764 2604 879 2676 ούρανοῦ
895 2605 1007 2660 ποινάς7

192 2674 281 2735 ἕξουσι
303 2678 347 2726 καί
368 2674 419 2739 τὴν
437 2676 544 2727 ἐκεῖθεν
561 2678 657 2745 κρίσιν,
681 2668 738 2739 ἥτις
766 2671 855 2726 αύτοῖς
878 2678 909 2726 έν
933 2672 1007 2741 aberni

192 2745 232 2808 τηῖ
251 2744 298 2794 τοῦ
316 2742 385 2794 θεοῦ
404 2738 606 2813 παραστήσεται
623 2741 726 2807 βάματι
747 2741 798 2808 τὴν
823 2739 871 2794 οῦκ
888 2740 1009 2813 εὐπρεπῆ

196 2816 226 2863 lb
260 2816 520 2881 παραπροσποίησιν
537 2807 680 2879 ἐλεγχονσά
696 2829 727 2860 τε
743 2815 790 2861 καί
806 2812 944 2877 μετιοῦσιν.
973 2813 1008 2862 Εἰ

193 2877 223 2929 δὲ
240 2881 287 2929 καί
301 2894 342 2929 τις
358 2880 418 2929 τῶν
435 2876 583 2931 πολιτικῶν
600 2874 742 2945 ἀρχόντων
763 2876 898 2959 μειζόνων
915 2899 945 2929 τε
963 2884 1008 2930 καί

193 2943 350 2998 ἐλαττόνων
373 2941 390 3011 ἢ
412 2947 560 3007 ταξεωτῶν
583 2940 599 3009 ἢ
623 2941 738 2996 έκδίκων
760 2966 777 3010 η
798 2944 904 3013 μαθῶν
921 2949 1008 2998 ταῦτα

192 3012 229 3081 μὴ
250 3011 394 3081 μηνύσειεν
417 3009 433 3078 ἢ
456 3012 615 3077 ἐπεξελθεῖν
638 3010 699 3073 ἐξόν
723 3012 908 3095 ῥᾳθυμησειεν
929 3010 1008 3078 ἢκαί

193 3081 225 3134 τὸ
243 3083 353 3151 πρᾶγμα
369 3082 473 3149 μισθοῦ
490 3077 684 3153 καταπροδοίη,
709 3081 785 3145 Ιι’στω,
809 3098 845 3133 ors
866 3080 933 3155 πρός
949 3085 1008 3133 ταῖς

195 3254 226 3317 (l)
250 3252 355 3315 ἔχοντες
378 3253 477 3304 Nomoc.
581 3252 615 3317 (2)
639 3248 762 3311 ἐξελθεῖν
785 3250 845 3303 Call.
871 3252 931 3303 libri
953 3254 1010 3302 boni

194 3321 294 3373 Nomos.
399 3323 431 3384 (3)
447 3318 485 3385 μη
503 3323 547 3371 ins.
567 3321 699 3371 Mommsen
807 3323 840 3383 (t)
863 3316 900 3385 μὴ
939 3320 1008 3381 Coit,

194 3386 211 3452 ἦ
236 3388 338 3439 Nomos.
446 3393 479 3449 (51
505 3407 533 3438 τι
555 3390 656 3454 scripsi,
679 3406 710 3437 τε
733 3388 848 3447 Nomen,
876 3408 920 3438 om.
949 3387 1008 3438 Call.

195 3458 230 3520 (b)
253 3459 311 3505 ταῖς
336 3455 365 3515 ἐξ
388 3448 526 3523 ἡμετέρων
550 3451 644 3521 νόμιον
665 3457 745 3522 suppl.
832 3456 867 3520 (t)
885 3459 921 3506 sic
940 3455 1009 3517 Coit,

194 3527 253 3574 ταῖς
270 3522 299 3583 ἐξ
316 3519 432 3594 ούρανοῦ
449 3527 555 3575 ποιναῖς
568 3525 667 3575 Nomos.
747 3525 782 3585 (8)
800 3527 859 3573 ταῖς
875 3518 951 3590 ἀραῖς

195 3594 395 3661 περιεχομέναις
406 3590 476 3649 Coit,
486 3595 540 3642 τοῖς
551 3595 607 3642 τοῖς
617 3589 696 3660 ἱεροῖς
707 3593 903 3670 περιεχομένοις
910 3590 1009 3642 Nemee.

196 3663 231 3724 (u)
249 3661 304 3709 τοῖς
321 3673 346 3708 σ.
365 3678 390 3708 ιι.
415 3662 590 3728 πειρωμένοις
607 3656 654 3708 τὰς
737 3673 833 3709 ποινας
852 3657 1011 3709 ἐπικεῖσθαι

198 3726 268 3787 Call,
285 3723 346 3776 τοῦς
363 3743 388 3776 a.
407 3745 432 3778 a.
450 3731 623 3796 πειριηιείὀνς
645 3728 703 3776 ταῖς
780 3730 887 3776 ποιναῖς
907 3719 1011 3777 ὑποκεῖ-

204 3864 362 3873 .-.-.---....
382 3865 400 3869 ..
439 3866 442 3870 .
575 3864 581 3868 -
593 3864 857 3870 ---.----.--
873 3864 933 3869 ——

201 3932 230 3980 ta
266 3924 423 3981 Custodient
447 3924 514 3979 berec
540 3926 620 3980 etiarn
647 3926 839 3996 ploriosissimi
868 3942 1010 3980 sanorum

192 3994 398 4073 praetoriorum
416 4003 573 4048 nostrorum
591 3995 741 4071 praefecti,
760 3992 881 4048 Orientis
897 3993 1011 4048 dicimus

197 4081 226 4115 ιιι
248 4060 373 4131 pentibus
415 4078 465 4115 uae
488 4061 546 4115 eires
570 4061 754 4114 iurisdietioui
779 4061 917 4117 subiectae
937 4070 1010 4125 svnt,

197 4140 223 4184 et
241 4129 355 4200 illyrico
373 4172 381 4182 .
413 4130 539 4199 rieaeunc
562 4127 679 4182 dioecesi
695 4129 854 4201 praepositi
870 4136 897 4184 ct
914 4129 1011 4199 officia

197 4215 268 4268 quiae
290 4197 330 4250 eis
354 4196 501 4250 crlrcn’diunt
522 4202 549 4249 et
571 4196 715 4249 clorisumi
728 4197 936 4268 provinciarum
953 4213 1011 4251 rec-

199 4277 272 4320 tores
294 4271 322 4319 et
343 4265 481 4318 civitatum
502 4263 675 4332 defensores,
704 4274 735 4318 nt
756 4265 936 4343 mapistr'atus
957 4265 1012 4335 ipsi

198 4334 246 4404 oui
268 4349 384 4402 nrapnos
405 4330 655 4385 administrationes
676 4340 776 4402 ponuat
796 4332 1011 4403 ιιιιίίηααίίοιιεια

167 4462 169 4467 ,
198 4412 320 4455 ruostram
343 4406 477 4461 irretuaut,
502 4399 598 4468 officia
619 4415 713 4453 eorum
736 4398 826 4454 ιίοοεοι
849 4400 912 4453 autri
929 4398 1011 4453 libra·

198 4486 258 4521 rurn
276 4483 398 4538 poenam
416 4466 621 4537 pertimescant,
640 4467 828 4537 provinciales
848 4474 938 4521 aretem
955 4484 1011 4521 rno-

198 4536 332 4607 pistratus
358 4544 412 4587 tom
434 4534 552 4586 citeriores
572 4551 654 4604 ηαιιιιι
676 4536 795 4589 mitiores
812 4542 839 4589 et
855 4552 949 4588 eorrcrn
967 4536 1011 4604 of-

196 4603 262 4671 ficia
279 4609 307 4656 et
324 4603 436 4671 insuper
453 4602 591 4655 ciuitatum
609 4602 768 4671 ‹lesensores
785 4603 931 4673 quinorum
949 4603 1012 4656 ouri

198 4670 331 4724 librarum
342 4685 464 4741 μιιειιαοι
481 4676 615 4733 οιοιααιιί,
636 4671 662 4723 si
683 4670 717 4725 de
734 4669 776 4723 bis
793 4671 923 4725 certiores
938 4671 1012 4740 sacti

198 4747 226 4793 et
249 4738 305 4808 ipsi
330 4754 386 4789 uon
410 4737 566 4791 rettulerint
587 4736 625 4790 ad
646 4737 811 4803 sacerdotes,
834 4737 864 4792 id
886 4746 928 4792 est
948 4737 1012 4791 reli-

199 4804 368 4878 piosissimos
391 4804 534 4875 episcopos
559 4811 586 4858 ct
607 4806 795 4860 sanctissimos
823 4806 1013 4877 metropolitas

200 4874 242 4929 uel
273 4873 460 4927 sanctissimos
495 4873 707 4943 ururrscniusquc
737 4873 891 4928 dioeceseos
920 4875 1012 4944 patri-

199 4940 308 5004 arcbas,
334 4940 372 4993 ad
398 4956 480 5010 qnam
517 4940 613 5010 trisque
639 4948 741 4995 terram
758 4943 893 5013 pertinet,
919 4948 950 4995 ut
971 4941 1013 4994 illi

200 5009 243 5063 luis
260 5008 377 5079 copiatis
397 5023 470 5061 secto
500 5024 544 5061 um
561 5025 594 5061 ea
611 5025 683 5078 quae
699 5016 781 5063 antea
798 5008 841 5063 dis
861 5009 932 5063 osito
948 5016 1014 5062 suunt

201 5093 292 5130 omnies
309 5074 448 5138 intrudant,
465 5092 561 5145 neque,
580 5075 606 5128 si
622 5077 671 5146 qui
688 5075 783 5130 taliuan
800 5076 960 5131 deictorum
978 5075 1012 5130 ab

199 5145 234 5197 iis
251 5144 389 5197 convictus
403 5144 493 5212 flectit
509 5143 599 5212 [non]
616 5144 770 5215 resipuerit,
788 5144 906 5199 civitatis
920 5144 1013 5198 catriae

203 5218 232 5265 13
274 5210 316 5266 ecl
338 5210 434 5290 officio
457 5228 515 5265 erum
539 5210 688 5282 adprobari
716 5213 878 5267 curaverint.
920 5205 1013 5265 Etiam

200 5280 414 5351 ploriosissrmus
440 5277 521 5333 laccius
545 5278 634 5333 σίιιιαε
659 5278 735 5333 rolris
757 5281 922 5351 praefectus
946 5279 1013 5334 boec

201 5346 361 5411 observabit,
387 5347 412 5399 si
435 5346 464 5398 in
489 5344 541 5399 bac
566 5346 644 5417 rapio
667 5347 733 5401 arbe
755 5355 852 5402 nostra
869 5354 1013 5419 peccatur,

200 5432 257 5469 rana
280 5432 340 5469 curm
363 5414 459 5485 officio
476 5414 502 5466 ei
518 5413 647 5479 ειιίιίιοίο,
671 5422 703 5469 nt
721 5414 781 5487 ipse
798 5414 1013 5485 indionotionon

200 5489 323 5537 nostram
345 5489 486 5546 meatur,
507 5480 632 5552 officium
657 5483 716 5537 cius
731 5482 828 5537 deceni
850 5483 914 5537 auri
930 5482 1013 5537 libro-

203 5557 235 5605 11
268 5567 329 5604 rum
341 5566 462 5622 poenam
479 5554 587 5603 ructarat.
625 5548 724 5605 Verrem
742 5550 809 5605 baec
825 5548 895 5623 lcqis
911 5550 1014 5606 latione

201 5618 377 5689 confecimus.
416 5616 596 5671 illudentem
624 5626 834 5673 cornoutaneurn
852 5624 907 5684 est,
939 5619 1013 5673 iusta

201 5685 252 5741 dco
279 5704 296 5741 a
323 5685 400 5741 nobis
421 5685 451 5738 in
468 5685 659 5757 promouendo
687 5685 859 5741 coauctam
882 5684 1013 5743 adversm

1053 432 1240 503 ηπειλημέναις
1263 430 1332 505 παρ’
1358 430 1436 502 ἡμῶν
1460 440 1565 489 ποιναῖς
1588 435 1641 497 ίξει
1663 439 1706 485 καὶ
1725 433 1776 499 τὴν
1795 433 1871 506 παρὰ

1054 507 1101 556 τοῦ
1119 500 1233 574 μεγάλου
1251 503 1319 555 θεοῦ
1335 508 1470 573 τιμωρίαν
1480 504 1614 570 ἑπομένην
1627 507 1672 554 καί
1686 504 1776 567 ἔνοχος
1792 504 1871 555 ἔσται

1054 577 1112 625 ταῖς
1136 569 1213 643 άριιῖς
1238 567 1355 623 άπάσαις
1379 578 1438 623 ταῖς
1464 576 1519 624 τοῖς
1545 571 1624 642 ἱεροῖς
1653 572 1871 654 περιεχομέν·αις“

1057 646 1085 692 l'l
1105 645 1141 702 (it
1170 637 1298 723 βιβλίοις.
1336 633 1440 709 Ὥσπερ
1467 638 1497 690 δὲ
1521 642 1609 691 ταῦτα
1636 634 1699 706 ἡμῖν
1724 637 1752 690 δι
1790 635 1871 689 οὐδέν

1054 711 1147 778 ἕτερον
1166 728 1181 772 η
1198 705 1243 758 διά
1259 705 1310 772 την
1329 710 1376 758 τοῦ
1399 704 1531 759 δεσπόται·
1554 708 1768 774 νενομοθέτηται
1786 708 1870 773 θερα-

1055 782 1143 837 πείαν,
1167 770 1238 826 obsto
1265 774 1370 826 κάκεῖνο
1393 776 1591 845 προστίθεμεν,
1616 770 1687 827 ebore
1711 772 1757 826 τάς
1782 770 1871 835 έξετά-

1055 860 1108 896 dees
1130 843 1180 895 σύν
1202 840 1327 914 άκριβείη
1348 844 1478 913 γίνεσθαι
1504 848 1548 894 καί
1571 840 1673 910 μηδένα
1697 843 1871 912 συκοφάντην

1055 911 1262 965 έπανίστασθαί
1283 928 1340 962 τισι
1358 917 1402 960 καί
1422 908 1662 981 ψευδοκατηγορεῖν
1681 906 1697 975 ἢ
1719 907 1870 979 ψευδομαρ-

1059 985 1088 1033 18
1131 983 1221 1049 τνρεῖν
1253 981 1283 1028 ἐν
1309 982 1364 1030 τοῖς
1389 976 1526 1031 τοιούτοις.
1571 977 1709 1047 Καθάπερ
1739 976 1790 1049 γὰρ
1816 982 1873 1028 τοῖς

1056 1048 1185 1117 ἱερεῦσιν,
1209 1047 1236 1098 εῖ
1257 1066 1281 1097 τι
1306 1048 1413 1098 τοιοῦτο
1431 1045 1570 1116 πράξοιεν,
1592 1045 1752 1111 τηλικαύτας
1770 1044 1872 1109 turbt-

1056 1135 1140 1182 καμεν
1158 1114 1261 1176 ποινάς,
1278 1109 1350 1165 οῦτοι
1369 1119 1412 1164 καί
1431 1120 1486 1166 τοῖςΙ
1504 1119 1682 1182 συκοφαντεῖν
1701 1109 1797 1165 αύτούς
1814 1132 1872 1166 πει·

1056 1187 1186 1255 ρωμένοις
1208 1180 1255 1233 τὰς
1279 1181 1307 1243 ἐξ
1330 1179 1444 1252 ούρανοῦ
1466 1187 1510 1232 καὶ
1536 1185 1594 1233 τῶν
1616 1178 1754 1252 ἡμετέρων
1776 1178 1873 1247 νόμων

1056 1250 1151 1305 ποινάς
1177 1251 1350 1303 ἐπικεῖσθαιο
1377 1246 1548 1317 βουλόμεθα,
1581 1250 1605 1301 εἰ
1631 1246 1874 1319 προοαγγείλαντες

1056 1320 1115 1371 εἶτα
1137 1316 1295 1380 ἐπεξελθεῖν
1317 1316 1354 1384 μὴ
1375 1316 1536 1383 βουληθεῖεν
1560 1314 1576 1382 ἢ
1594 1320 1724 1381 συστῆναι
1741 1321 1800 1368 ταῖς
1817 1336 1873 1366 τοι·

1058 1385 1151 1439 uibrare
1177 1391 1345 1458 κατηγορίαις
1370 1382 1418 1436 obn
1444 1383 1593 1450 ιὀχύοαιεν·
1620 1381 1800 1448 πανταχόθεν
1827 1385 1874 1448 τῆς

1057 1453 1179 1519 ἰσότητος
1195 1459 1240 1505 καὶ
1258 1449 1434 1519 δικαιοσύιης,
1453 1448 1484 1519 ἢν
1502 1450 1546 1504 διά
1565 1450 1651 1518 πάσης
1667 1455 1792 1519 τιμῶμεν
1805 1448 1874 1522 πρά-

1056 1524 1122 1585 ξεως
1144 1527 1188 1573 καί
1211 1517 1329 1588 μάλιστα
1353 1523 1384 1572 ἐν
1405 1524 1438 1592 τῇ
1460 1522 1539 1572 babet
1562 1522 1620 1572 τῶν
1638 1517 1741 1588 νόμων,
1765 1514 1874 1583 άντεχό-

1056 1609 1132 1657 μενοι
1143 1593 1171 1642 ¹⁰.
1213 1588 1246 1643 ί).
1263 1589 1339 1661 prid.
1363 1605 1426 1642 non.
1447 1588 1514 1643 lt'ov.
1535 1587 1772 1660 Constantinopoli
1790 1586 1875 1639 Iusti-

1058 1658 1141 1712 ιιίιιιιο
1156 1675 1205 1730 pp.
1224 1658 1255 1711 d.
1277 1671 1331 1711 ιιιι
1346 1664 1373 1711 et
1390 1655 1508 1710 Paulino
1528 1673 1565 1711 vc.
1585 1673 1671 1711 coriss.
1751 1655 1789 1725 [a.
1809 1654 1872 1722 sat]

1434 1797 1498 1855 V¹¹.

1059 1898 1104 1946 DE
1114 1896 1323 1946 HAERETICIS
1338 1897 1382 1945 ET
1392 1896 1609 1946 MANIGHAEIS
1625 1896 1669 1944 ΕΤ
1685 1893 1877 1945 ὃΑΜΑΒΙΤΙὸ.

1095 1995 1109 2051 1
1134 1993 1224 2066 ¹²Irnp.
1245 1996 1437 2049 Gorrstoutiuus
1455 1997 1485 2050 d.
1504 1995 1542 2050 ad
1559 1995 1754 2049 dracilianum·
1790 1994 1877 2048 Priui-

1058 2063 1135 2131 legia,
1162 2079 1231 2131 quac
1258 2065 1483 2132 contemplatione
1509 2063 1645 2129 religionis
1668 2062 1775 2116 indulta
1801 2068 1876 2125 sunt,

1059 2131 1207 2185 catholicae
1246 2136 1349 2185 tantum
1389 2133 1454 2198 logis
1494 2131 1709 2186 observatoribus
1744 2130 1878 2198 prodesse

1059 2204 1173 2269 oportet.
1201 2199 1349 2254 haereticos
1360 2203 1381 2233 ¹³
1398 2216 1450 2253 nou
1461 2201 1576 2254 ςοΙοιοΗ
1595 2188 1791 2267 hispriuilegiis
1809 2198 1878 2252 alie-

1059 2283 1108 2321 nos
1134 2282 1193 2320 esse
1220 2268 1354 2331 volumus,
1381 2269 1429 2321 sed
1455 2275 1482 2321 ct
1503 2267 1615 2320 diuersis
1636 2268 1790 2320 muneribus
1810 2282 1877 2319 con·

1059 2335 1153 2402 stringi
1171 2342 1198 2388 et
1215 2336 1308 2389 subici.
1351 2334 1407 2388 PP.
1426 2334 1452 2388 ίι.
1472 2335 1545 2407 Sept.
1566 2333 1675 2389 Cenasti
1694 2333 1878 2387 (lorostautiuo

1059 2405 1090 2457 A.
1114 2417 1158 2455 rrr
1174 2409 1201 2456 et
1219 2402 1378 2457 Constantio
1389 2406 1410 2436 ¹⁵
1427 2420 1514 2457 conss.
1754 2403 1793 2470 [a.
1814 2401 1877 2470 32ss]

1093 2467 1113 2526 2
1134 2468 1199 2523 11Ιοι
1215 2490 1237 2542 p
1260 2470 1427 2524 ,Gratianus
1443 2470 1652 2525 Valentinianus
1668 2478 1695 2524 ct
1708 2468 1880 2523 Tbeodosius

1059 2539 1139 2592 AAA.
1164 2488 1217 2591 arf
1251 2540 1385 2609 esperinm
1404 2557 1455 2610 pp.
1496 2538 1594 2592 Omnes
1612 2537 1709 2591 vetitae
1727 2537 1833 2605 legibus
1852 2543 1880 2590 et

1059 2606 1155 2660 diuinis
1181 2612 1209 2659 et
1219 2608 1238 2639 ¹⁷
1264 2605 1447 2675 imperialibus
1480 2606 1717 2660 constitutionibus
1749 2606 1879 2659 haereses

1037 2740 1038 2744 Ἰ
1059 2679 1189 2743 perpetue
1208 2675 1399 2742 conquiescant
1415 2681 1443 2729 et
1460 2690 1538 2728 nemo
1553 2674 1667 2727 ulterius
1682 2680 1794 2726 conetur
1809 2687 1880 2740 quae

1059 2743 1209 2811 reppererit
1225 2741 1340 2810 profana
1364 2750 1510 2810 praecepta
1527 2741 1568 2794 uel
1586 2741 1683 2795 docere
1700 2740 1741 2793 uel
1759 2740 1879 2794 discere:

1059 2824 1094 2863 ne
1121 2809 1254 2864 antistites
1285 2810 1429 2863 eorundem
1464 2809 1582 2863 audeant
1615 2809 1694 2862 tidem
1729 2809 1880 2869 insinuare,

1060 2892 1140 2946 quiam
1165 2893 1220 2931 non
1246 2877 1355 2943 habent,
1382 2885 1409 2932 et
1434 2878 1570 2932 ministros
1594 2892 1694 2940 creare,
1722 2875 1794 2943 quod
1823 2892 1880 2929 non

1061 2950 1137 2999 suut:
1164 2960 1198 2998 ne
1223 2960 1273 3013 per
1296 2945 1472 3006 conventiam
1498 2944 1673 2998 iudicantium
1696 2945 1879 3011 omniumque,

1061 3013 1157 3081 quibus
1178 3028 1227 3081 per
1254 3014 1456 3067 constitutiones
1497 3019 1605 3066 aternus
1627 3027 1710 3079 super
1732 3012 1784 3064 hoc
1809 3026 1880 3064 cura

1059 3080 1188 3134 munima
1210 3086 1262 3146 est,
1287 3081 1417 3135 eiusmodi
1438 3030 1553 3135 aulacia
1574 3080 1730 3147 neglegatur
1754 3086 1781 3132 et
1803 3094 1880 3133 cres·

1061 3250 1132 3303 σθαι
1148 3252 1249 3304 Nomos.
1323 3252 1368 3317 (10)
1387 3245 1623 3314 πανταχόθεν
1641 3244 1816 3314 ἀντεχόμενοι
1835 3270 1880 3301 ons.

1065 3321 1125 3371 Call.
1202 3321 1293 3385 (u)B
1314 3323 1335 3379 1,
1352 3332 1371 3381 ι,
1390 3331 1417 3371 aa
1435 3339 1501 3384 seqq.
1586 3319 1747 3384 (ir)=tb.
1772 3322 1810 3381 16,
1829 3329 1881 3376 st

1062 3390 1106 3449 (tn)
1124 3390 1299 3450 autumatque
1317 3388 1486 3437 schismaticos
1505 3389 1549 3438 ins.
1569 3388 1612 3437 lb.
1665 3387 1710 3449 (tt)
1727 3385 1758 3435 nb
1774 3389 1821 3437 ins.
1835 3386 1881 3437 lb.

1063 3458 1108 3515 115)
1125 3457 1284 3505 constantino
1301 3472 1323 3505 a.
1342 3471 1383 3504 επ
1400 3460 1425 3505 st
1441 3454 1584 3505 conmotis
1601 3471 1622 3504 c.
1646 3456 1698 3511 Tu,
1719 3454 1882 3503 constantino

1063 3528 1088 3573 ct
1104 3527 1227 3573 constant.
1238 3524 1268 3584 P,
1286 3523 1426 3574 constantio
1440 3539 1461 3572 11
1478 3528 1503 3572 et
1514 3528 1643 3573 constante
1654 3524 1716 3573 Hal.
1769 3522 1817 3585 tte)
1832 3541 1852 3572 c.
1868 3532 1882 3573 2

1063 3594 1229 3642 contaminato
1246 3602 1282 3642 est
1299 3611 1329 3642 οε·
1349 3592 1393 3642 Tb.
1413 3595 1451 3653 16,
1469 3604 1490 3656 b,
1509 3604 1530 3643 5.
1549 3602 1583 3643 tt.
1603 3602 1630 3642 tt
1712 3589 1757 3652 (tt)
1777 3593 1802 3638 et
1821 3591 1881 3643 dett.

1064 3677 1115 3710 cum
1137 3659 1189 3722 Tb,
1208 3678 1252 3709 on.
1274 3660 1319 3711 CR

1155 3846 1358 3855 ,αι-...-
1370 3847 1660 3855 -.---...,---
1678 3846 1881 3855 -.---.-.-.--.-...

1149 3861 1268 3870 .,ο--.
1285 3863 1339 3869 ...-
1376 3864 1392 3869 .-
1427 3863 1521 3868 ---....
1543 3862 1605 3867 -—
1683 3862 1724 3867 -..
1753 3861 1821 3867 ...--,
1838 3861 1881 3867 ..-

1064 3931 1094 3980 15
1129 3926 1219 3996 ipsum
1240 3925 1375 3991 orauitate
1392 3926 1537 3998 persoluta
1559 3942 1623 3979 csse.
1665 3924 1759 3989 Occisi
1776 3924 1883 3979 consti-

1063 3999 1183 4047 tutorum
1214 3983 1320 4063 aliquid
1350 3993 1591 4064 transpadinutur
1624 3999 1651 4047 et
1677 3992 1803 4046 coruirrent
1829 4009 1882 4047 nec

1062 4061 1214 4125 vindicant,
1237 4059 1286 4115 sed
1308 4061 1511 4132 vituperabilem
1534 4060 1672 4131 ηαιιιιιίοιιι
1697 4060 1817 4125 oratiam
1832 4061 1882 4129 fa·

1062 4129 1145 4185 eiurat.
1158 4137 1274 4199 practer
1288 4144 1394 4199 paeonis
1411 4131 1500 4199 [ηιιιιο
1515 4145 1554 4183 ecc
1571 4128 1674 4182 nostris
1692 4118 1797 4197 lapibus
1810 4144 1883 4200 pro-

1062 4196 1190 4264 veniunt]
1216 4196 1344 4250 caelestes
1371 4214 1480 4267 ortoque
1510 4195 1638 4249 subibunt
1662 4202 1689 4249 ct
1717 4196 1883 4249 sententiani

1062 4264 1193 4325 ditinum,
1217 4280 1288 4342 ηιιιιι
1311 4264 1340 4316 in
1357 4265 1418 4335 ipso
1437 4264 1481 4318 clei
1498 4263 1629 4318 tribunali
1642 4264 1692 4332 fiet
1710 4269 1817 4334 turpem
1834 4279 1883 4317 co-

1064 4336 1095 4385 lb
1130 4332 1276 4385 niuennam
1297 4348 1417 4401 mortens
1440 4339 1466 4386 et
1487 4331 1634 4386 vindicans.
1675 4328 1707 4384 Si
1729 4345 1793 4384 uero
1814 4331 1883 4386 civi-

1062 4399 1128 4452 liurn
1158 4400 1366 4477 mapistratuurn
1395 4407 1449 4453 tant
1475 4400 1609 4453 maiorum
1635 4414 1717 4467 ηιιαιιε
1741 4398 1883 4453 nunonem

1062 4466 1105 4521 vel
1129 4467 1292 4536 officialium
1319 4467 1360 4521 vel
1385 4466 1561 4536 deserisorum
1587 4467 1649 4535 ηιιίε
1671 4464 1714 4519 vel
1735 4481 1769 4519 ca
1792 4465 1884 4522 dere

1062 4535 1164 4587 certior
1188 4535 1284 4604 sactus
1309 4551 1342 4589 ca
1369 4552 1425 4589 non
1450 4532 1616 4588 enuntiaverit
1643 4532 1686 4587 vel
1706 4548 1767 4586 curm
1793 4534 1883 4587 vindi·

1062 4619 1126 4655 care
1152 4601 1241 4666 licuit,
1267 4602 1298 4655 id
1321 4603 1476 4672 impinxerit
1501 4602 1543 4657 uel
1567 4601 1648 4655 etiarn
1674 4617 1731 4655 rem
1756 4602 1884 4657 maceda

1056 4668 1225 4743 prodiderit,
1242 4670 1314 4724 sciat
1329 4687 1358 4725 sc
1367 4679 1487 4749 practer
1503 4670 1629 4748 definitos
1647 4686 1665 4723 a
1679 4668 1757 4722 nobis
1768 4685 1884 4739 poenas

1062 4738 1144 4792 etiarn
1165 4738 1258 4808 maqui
1281 4736 1325 4791 dei
1347 4737 1493 4792 uindictam
1514 4736 1568 4791 subi
1590 4738 1754 4791 instaturum
1776 4742 1804 4789 et
1822 4754 1883 4791 οια-

1062 4803 1142 4858 nibus
1159 4804 1403 4869 coronationibus,
1446 4822 1498 4859 ιιοο
1513 4805 1618 4858 sanctis
1641 4802 1717 4857 libris
1738 4805 1883 4859 continen-

1066 4877 1095 4925 tr
1132 4879 1185 4937 tur,
1210 4872 1347 4928 obnoxios
1363 4889 1393 4927 se
1407 4822 1480 4943 (bre.
1520 4869 1554 4926 Ut
1573 4878 1663 4925 aretem
1680 4870 1748 4925 baec
1763 4887 1782 4924 a
1800 4872 1884 4928 nobis

1062 4956 1120 4994 non
1136 4940 1191 4993 nisi
1206 4941 1236 4993 in
1253 4940 1356 4994 domim
1373 4941 1474 4994 cultum
1490 4940 1597 4994 sanata
1614 4945 1687 5003 stent,
1708 4940 1749 4993 ita
1765 4944 1793 4992 ct
1809 4939 1885 4995 illud

1063 5007 1204 5073 adicimus,
1221 5014 1253 5061 ut
1269 5008 1459 5087 inquisitiones
1475 5007 1620 5078 dilioenter
1634 5007 1714 5076 finiit,
1732 5022 1799 5060 neve
1817 5008 1884 5077 ηιιίε

1063 5075 1246 5129 calumniator
1262 5074 1422 5146 quibusdam
1440 5077 1544 5130 existat
1560 5085 1587 5129 et
1603 5074 1681 5144 salso
1699 5074 1727 5127 iu
1744 5074 1885 5130 eiusmodi

1066 5148 1096 5196 ts
1131 5159 1215 5197 causa
1238 5152 1348 5197 accuset
1369 5143 1411 5198 ecl
1429 5143 1609 5198 testimonium
1624 5144 1708 5212 ferat.
1744 5138 1882 5206 Quomod-

1064 5208 1172 5265 modum
1188 5211 1260 5265 enim
1276 5211 1472 5275 sacerdotibus,
1489 5212 1514 5264 si
1530 5210 1598 5281 quaid
1614 5208 1746 5263 crirrsmodi
1762 5211 1881 5279 operiat,

1065 5279 1134 5333 tales
1144 5295 1254 5352 poenas
1269 5278 1462 5350 imposuimus,
1484 5278 1569 5333 sicet
1586 5294 1633 5333 cos
1650 5277 1697 5398 ηιιί
1714 5276 1883 5331 οαίιιιαιιίιιιτ·

1065 5347 1255 5419 temptaverint
1278 5354 1333 5401 tam
1354 5345 1483 5402 caelestes
1500 5362 1583 5416 queam
1599 5362 1637 5401 ex
1664 5343 1759 5416 opibus
1775 5347 1884 5400 nostris

1058 5430 1169 5487 poenas
1191 5413 1282 5470 subire
1303 5414 1440 5480 volumus,
1463 5414 1489 5467 si
1510 5413 1716 5468 denuntiatione
1734 5411 1818 5482 sacta
1839 5414 1882 5467 in-

1062 5482 1160 5537 sistere
1189 5480 1330 5537 notuerint
1361 5482 1405 5537 oct
1436 5480 1505 5537 tales
1533 5481 1722 5535 accusationes
1749 5480 1883 5551 μνεία-ιε

1063 5566 1121 5605 non
1141 5549 1264 5605 adeant:
1278 5550 1424 5622 prosecuti
1440 5548 1560 5621 midique
1577 5548 1741 5619 aequitatem
1757 5552 1786 5602 et
1801 5548 1882 5603 iusti—

1063 5618 1140 5740 tiipm,
1156 5634 1240 5688 quam
1249 5618 1280 5672 in
1296 5618 1371 5673 omni
1378 5633 1410 5673 rc
1421 5624 1450 5673 et
1460 5617 1613 5689 prmopnc
1628 5616 1659 5669 in
1674 5614 1882 5686 lapibusferen·

1092 5702 1253 5741 sucronur.
