3832 6126
99 302 131 350 ns
144 298 461 351 aomcomsassns
479 298 720 349 emmeramus
873 276 935 350 295
1571 284 1630 351 VH
1652 285 1737 351 t-e

118 465 150 524 12
169 464 243 521 Idem
265 466 322 521 ΛΑ.
346 471 374 521 et
397 463 445 522 CC.
464 463 588 521 Irenaeo.
629 466 673 519 Ex
690 467 770 520 verbo
790 472 876 520 ‘com·
927 469 1033 521 stantia.
1071 466 1103 522 D.
1124 482 1164 520 re
1186 466 1211 519 lc.
1231 466 1294 522 Dec.
1322 465 1560 538 (bastantinopoli
1584 466 1737 539 lampadio

89 534 191 589 ‘nendo'
213 537 373 588 testamento
397 534 438 588 sel
461 533 591 588 codicillis
617 550 672 587 non
694 535 776 587 sideri
802 535 876 588 fidei-
926 544 953 590 et
973 537 1066 590 Oreste
1085 553 1121 590 co.
1141 552 1177 588 rc.
1197 551 1284 589 erorsss.
1622 539 1736 599 [11530]

84 602 276 656 commissarium
302 601 453 656 libertatem
478 602 598 656 miletam
627 603 788 655 auctoritate
811 603 877 657 iuris
963 600 1000 659 17
1029 602 1126 656 ¹¹Idem
1151 607 1181 656 ,1.
1202 601 1312 656 [reliano
1332 622 1381 682 pp.
1418 604 1484 656 Cum
1506 602 1614 670 quidam
1631 618 1737 656 servum

80 670 228 723 declamtur.
257 667 365 722 Sam
378 668 405 723 lt.
416 668 482 724 aa.
496 667 580 722 Sirmi
591 667 638 723 CC.
653 685 739 723 conss.
771 674 876 734 [(1291]
927 688 1005 724 assum
1023 671 1062 724 ita
1078 672 1103 723 lo
1121 672 1182 733 avit,
1201 672 1255 723 atl
1305 678 1390 724 tarius
1405 671 1556 724 libertatem
1571 670 1594 723 ci
1608 671 1736 738 imponat,

106 734 146 794 13
162 735 237 790 Idem
253 737 310 790 ΛΑ.
330 743 358 791 et
375 736 422 793 CC.
441 735 655 808 Pytnaponaas.
692 736 720 790 Si
737 741 773 801 te,
793 737 877 791 dona·
927 743 955 792 et
981 739 1058 792 heres
1084 687 1120 790 ε)
1145 739 1295 791 huiusmoi
1324 739 1438 805 legatum
1468 739 1589 806 improbe
1615 746 1737 792 versatus

73 808 127 857 hm
151 811 212 858 ante
234 804 432 859 matrimonium
455 805 534 858 uxori
556 819 634 869 suae,
658 811 720 873 post
743 806 767 858 ei
789 805 877 872 legato
928 822 1032 859 emaum
1050 806 1114 859 dare
1131 806 1260 873 legatario
1279 806 1436 872 dedignatus
1455 811 1508 868 est,
1534 810 1564 858 at
1588 805 1667 858 etiam
1688 806 1737 859 lita

70 873 161 925 relicto
191 871 343 926 manumitti
372 877 532 926 testamento
561 887 608 926 seu
634 872 762 926 codicillis
789 874 877 926 serbis
928 876 1063 941 pulsetur,
1088 880 1115 925 et
1133 874 1219 925 iudex
1243 889 1296 927 uon
1321 874 1378 925 in¹²
1401 874 1488 942 ipsum
1507 888 1623 938 servium,
1645 871 1694 927 sed
1709 872 1737 927 in

66 938 197 1006 precariis
215 939 449 994 sanccessoribus
463 940 556 1003 soluit,
571 947 627 992 tem
641 939 690 992 hoe
706 940 742 993 ad
757 939 877 1008 redemp·
928 942 1138 995 aestimationem
1156 941 1210 993 litis
1228 941 1473 994 condemnationem
1491 941 1623 1007 proterat:
1642 939 1739 994 uetera

65 1006 167 1060 tionem
190 1012 219 1060 et
241 1007 475 1062 manumissionem
497 1022 578 1075 quam
600 1022 670 1070 mm,
695 1022 764 1075 quae
785 1008 812 1060 in
832 1023 877 1060 ca·
928 1008 994 1061 iaris
1025 1009 1184 1076 interpretes
1217 1009 1388 1074 dubitabant,
1421 1025 1454 1062 ne
1481 1009 1544 1076 quid
1571 1009 1738 1061 obstaculum

63 1073 171 1139 piendie
196 1074 298 1128 relictis
329 1074 449 1128 defuncti
482 1076 618 1128 consensit
650 1074 762 1138 iudicio,
793 1075 879 1128 teneri
928 1076 1044 1129 libertati
1062 1092 1096 1129 ex
1114 1076 1164 1128 hac
1183 1092 1265 1128 caasa
1282 1076 1412 1144 procedat
1430 1083 1464 1136 et,
1483 1077 1505 1134 si
1524 1076 1658 1144 placuerit
1675 1091 1737 1129 ean·

62 1141 170 1209 tibique
184 1142 457 1196 fideicommissariam
472 1141 586 1196 debere¹
601 1142 750 1195 libertatem
759 1159 812 1195 non
822 1158 878 1195 am·
928 1144 988 1197 dem
1006 1143 1096 1197 deberi
1113 1145 1306 1206 libertatema
1325 1160 1377 1223 quo
1396 1144 1485 1196 danda
1502 1151 1544 1195 est
1562 1151 1685 1197 utrumne
1702 1144 1737 1195 ab

64 1206 90 1258 bi
115 1209 175 1262 'tun
214 1207 241 1262 S.
266 1224 308 1263 sn
325 1209 360 1263 iel.
381 1209 443 1263 Dee.
464 1209 511 1263 CC.
531 1226 617 1263 conss.
765 1216 798 1273 [a.
819 1214 877 1273 1111]
929 1212 1026 1265 herede
1044 1227 1078 1265 an
1092 1227 1108 1264 a
1121 1211 1255 1278 legatario,
1275 1217 1302 1264 et
1315 1228 1337 1264 si
1353 1212 1429 1264 heres
1445 1213 1565 1278 imponat
1580 1211 1737 1275 libertatem,

125 1275 244 1347 l'lnsp.
264 1275 434 1330 lastinianus
451 1281 481 1330 ,1.
504 1275 612 1330 Iuliano
631 1295 681 1348 pp.
724 1278 790 1330 Cum
809 1279 879 1330 inter
929 1295 963 1331 ait
991 1280 1148 1357 legatarius,
1180 1279 1251 1345 quod
1278 1294 1310 1332 er
1335 1279 1491 1346 pecuniaria
1518 1278 1739 1331 condemnatione

59 1350 170 1396 veteres
187 1343 375 1408 dubitabatur,
399 1344 422 1397 si
439 1344 710 1398 fideicommissariam
727 1345 878 1398 libertatem
929 1355 1041 1414 accepit,
1060 1346 1169 1399 tirmiter
1187 1346 1288 1399 detinet
1305 1346 1360 1398 sive
1374 1353 1459 1400 totam
1475 1346 1529 1400 sive
1545 1363 1577 1399 ex
1593 1353 1670 1414 parte
1684 1346 1739 1399 sive

59 1411 196 1475 possibile
223 1417 294 1466 esset
316 1411 430 1479 relinqui
453 1426 541 1476 serso,
567 1412 612 1478 qui
634 1413 724 1465 adhuc
741 1412 769 1464 in
787 1419 878 1465 ventre
932 1421 941 1466 1
980 1415 1060 1467 etiam
1079 1414 1152 1466 nihil.
1180 1413 1273 1466 'Palem
1288 1414 1379 1481 itaque
1396 1413 1597 1466 altercationem
1615 1428 1738 1466 resecan-

58 1482 224 1543 portaretur
246 1485 274 1532 et
296 1478 375 1533 homo
397 1478 485 1533 lieris
522 1488 640 1544 meatur,
662 1495 711 1533 nos
730 1484 805 1533 vetus
824 1480 878 1532 iar·
929 1489 970 1535 tes
991 1484 1132 1547 miramur,
1159 1497 1244 1548 equare
1266 1481 1359 1543 iudex,
1385 1481 1429 1547 qai
1453 1481 1623 1548 praepositus
1647 1486 1690 1533 est
1712 1480 1740 1532 in

57 1545 138 1611 giam
155 1544 310 1601 decidentes
327 1546 459 1600 libertatis
489 1561 569 1600 avere
591 1562 729 1601 censemus
753 1554 781 1599 et
804 1547 879 1600 fidei·
929 1549 1068 1618 praedicte
1086 1564 1182 1613 cansa,
1206 1565 1260 1602 non
1278 1548 1428 1601 omnimodo
1447 1548 1693 1603 condemnationem
1711 1548 1740 1600 in

59 1613 277 1667 commissarium
306 1629 356 1668 nec
382 1630 437 1668 non
467 1614 595 1667 directam
627 1615 777 1671 libertatem
803 1630 880 1668 suam
930 1633 1049 1681 servum,
1082 1616 1129 1670 sed
1163 1617 1190 1669 in
1217 1617 1427 1669 aestimationem
1454 1615 1510 1668 eius
1536 1616 1651 1672 fecerat.
1679 1631 1740 1667 curn

57 1677 221 1734 ffimslatem
247 1682 346 1735 habere
370 1683 425 1735 sire
446 1682 475 1735 in
498 1683 617 1735 masculo
642 1682 696 1736 sive
719 1683 746 1734 in
772 1683 879 1747 semina,
930 1686 1015 1752 ipsius
1040 1685 1130 1737 vitiam
1153 1684 1232 1737 etiam
1256 1684 1407 1736 huiusmodi
1430 1682 1596 1736 altercationi
1615 1681 1740 1750 praebuit

59 1762 135 1814 quae
148 1748 241 1803 adhuc
255 1749 523 1804 inventresehatur³
539 1757 659 1803 materno
685 1756 714 1802 ut
727 1766 786 1802 cum
800 1751 879 1802 liber·
930 1759 945 1805 ‘l
986 1753 1163 1805 occasionem.
1206 1750 1282 1804 Unde
1308 1751 1331 1804 si
1358 1751 1421 1803 talis
1447 1751 1567 1818 quaestio
1593 1751 1738 1815 emerserit,

57 1820 122 1870 tate
139 1816 224 1870 selem
241 1816 377 1886 respiciat,
396 1818 447 1872 etsi
464 1825 549 1870 mater
566 1832 616 1871 sua
633 1792 721 1871 adhuc
745 1818 773 1869 in
797 1817 879 1871 servi·
930 1821 1031 1873 nullum
1056 1820 1161 1886 quidem
1185 1818 1299 1871 iudicem
1323 1819 1361 1870 ita
1385 1833 1443 1871 esse
1468 1819 1578 1871 stultam
1623 1824 1739 1879 ammas,

63 1886 72 1932 l
116 1886 178 1937 tute
200 1889 328 1938 constans
351 1900 412 1938 eum
429 1885 469 1937 sel
494 1901 551 1938 eam
569 1885 688 1938 ediderit.
725 1885 771 1937 Sin
790 1892 880 1937 alitem
930 1894 960 1947 at
978 1887 1129 1941 huiusmodi
1146 1886 1266 1954 proferat
1283 1886 1538 1944 condemnationem,
1563 1901 1591 1939 se
1627 1887 1650 1938 si
1667 1886 1738 1952 lega-

57 1949 158 2015 plures
183 1953 267 2004 creati
284 1952 325 2005 rel
343 1956 450 2006 creatae
468 1953 534 2017 sint,
556 1953 610 2005 sive
630 1954 708 2005 utrius
725 1952 789 2005 lecit
806 1968 879 2005 men·
930 1955 1012 2007 tarius
1036 1955 1183 2015 immineat,
1208 1962 1340 2021 quatenus
1363 1954 1387 2006 ei
1410 1969 1502 2006 servus
1519 1953 1690 2018 restituatur,
1712 1959 1740 2004 et

56 2016 168 2072 donem
182 2019 237 2073 sive
251 2019 390 2087 pluraliter
404 2020 576 2088 nuncupavit,
596 2021 677 2073 nihilo
691 2021 879 2073 minusomnes
930 2031 992 2090 post
1022 2023 1096 2075 litem
1127 2028 1305 2076 contestatam
1338 2022 1451 2074 duorum
1478 2036 1598 2074 mensum
1624 2021 1740 2088 spatium

55 2084 98 2138 ad
122 2086 275 2140 libertatem
296 2088 437 2155 adprime
458 2088 564 2140 veniant
589 2088 723 2141 ctlnabula
731 2090 750 2149 ⁴,
773 2104 833 2140 cum
851 2087 880 2140 in
930 2090 1071 2154 effluxerit,
1091 2105 1230 2143 censemus
1247 2089 1310 2143 ilico
1327 2089 1362 2142 ad
1380 2089 1528 2141 libertatem
1543 2088 1610 2156 eripi
1626 2102 1739 2149 servum,

56 2153 200 2222 ambiguis
223 2155 345 2209 sensibus
367 2155 461 2208 melias
485 2162 538 2217 est,
561 2161 589 2207 et
612 2157 726 2207 maxime
750 2156 777 2207 in
799 2155 878 2209 liber·
930 2166 957 2210 et
978 2158 1052 2210 illum
1076 2157 1181 2226 quidem
1205 2157 1317 2210 liberum
1341 2172 1413 2218 esse,
1438 2156 1559 2210 heredem
1583 2159 1671 2209 autem
1689 2171 1739 2223 pro

54 2224 135 2285 rate,
159 2222 252 2276 latore
274 2223 331 2276 eius
356 2222 539 2276 humaniorem
563 2222 687 2289 amplecti
710 2223 878 2276 sententiam.
931 2241 981 2278 sua
998 2225 1165 2279 indevotione
1184 2240 1275 2278 omncs
1293 2240 1437 2291 experiens,
1480 2240 1528 2277 aas
1550 2224 1695 2303 legatariae
1712 2224 1738 2276 iu

55 2285 95 2339 1).
132 2288 158 2342 lc.
186 2291 243 2344 Oct.
276 2291 513 2362 Constantinopoli
541 2289 693 2360 larrqnalio
725 2300 752 2343 et
786 2292 879 2344 Oreste
931 2294 1002 2347 litem
1022 2293 1097 2357 iecit,
1122 2293 1149 2346 in
1175 2293 1352 2361 quadruplam
1370 2293 1396 2344 ei
1413 2241 1593 2356 congemuere,
1617 2291 1674 2345 iure
1691 2306 1739 2359 pa-

53 2370 103 2408 ee.
124 2372 162 2410 aa.
182 2373 270 2411 corase
765 2362 800 2421 [o.
820 2361 878 2420 5301
931 2366 1054 2414 tronatus
1078 2361 1180 2427 integro
1204 2360 1332 2427 legatario
1356 2360 1495 2413 servando.
1533 2358 1564 2412 D.
1588 2357 1739 2412 Constanti·

100 2422 141 2480 15
163 2422 250 2478 ‘laem
268 2427 299 2479 A.
319 2423 428 2478 Iuliano
467 2442 498 2496 p.
539 2426 671 2479 Ancillam
695 2441 743 2479 seu
765 2441 878 2490 servum,
930 2428 1026 2499 aopoli
1052 2443 1093 2481 ,re
1124 2428 1149 2480 ls.
1179 2426 1241 2480 Dee.
1273 2426 1426 2498 Loorprndio
1459 2435 1485 2480 et
1513 2425 1607 2481 Oresta
1636 2443 1675 2480 ov.
1702 2442 1739 2480 cc.

54 2493 147 2543 cum·
165 2491 410 2546 fideicommissaria
427 2442 536 2546 lieertas
555 2493 593 2546 eis
611 2493 705 2547 relicta
722 2494 771 2557 sit,
791 2492 879 2546 sanci·
930 2512 1016 2550 coires.
1626 2497 1661 2557 [a.
1680 2497 1740 2556 530]

53 2571 135 2623 mus,
154 2560 178 2613 si
196 2575 271 2614 mora
287 2576 304 2614 a
318 2558 439 2613 debitore
454 2560 603 2614 libertatis⁷
621 2562 695 2614 facta
710 2561 799 2624 fuerit,
818 2576 878 2614 sen-

53 2626 154 2680 tentia
179 2627 310 2696 praesidis
336 2627 404 2695 eripi
428 2627 463 2680 ad
487 2628 635 2681 libertatem
659 2634 687 2681 et
710 2629 783 2682 nullo
805 2627 878 2681 iacto

52 2694 271 2816 Qselunltsste
287 2696 322 2748 ab
339 2694 438 2748 herede
455 2695 630 2816 appetenda,
649 2695 812 2816 11111111Ιὲ1]
831 2695 878 2747 ha·
1313 2701 1347 2758 v,

95 2798 98 2803 ·
148 2777 197 2817 eos
225 2762 372 2824 'mntem
392 2762 503 2829 quasia
538 2763 598 2816 iso
617 2767 747 2817 testatore
789 2763 879 2816 irectls

52 2829 155 2883 verbis
170 2829 272 2884 fuerint
285 2830 437 2883 libertatem
452 2781 598 2891 consmfiti,
615 2847 674 2883 cum
688 2831 755 2885 satis
770 2831 878 2898 impium
1002 2801 1049 2850 DE
1066 2799 1245 2850 DEDITICIA
1263 2800 1457 2849 LIBERTATE
1475 2799 1667 2849 TOLLENDA'

53 2900 150 2965 atque
173 2897 320 2953 absurdum
342 2904 385 2951 est
406 2897 518 2951 heredes
543 2898 679 2951 testatoris
703 2898 810 2952 differre
833 2914 878 2950 vo·
966 2899 979 2956 l
1003 2898 1071 2969 Imp.
1089 2897 1259 2952 lastinianus
1276 2900 1306 2951 A.
1326 2896 1435 2951 loliano
1450 2915 1499 2968 pp.
1528 2896 1740 2950 Dediticiacen-

53 2958 200 3029 lunatas,
227 2965 342 3019 mammo
369 2965 448 3018 euml
480 2964 514 3017 ad
546 2965 697 3019 libertatem
723 2966 877 3033 respiciant.
930 2965 1510 3033 dicionssllomodeinposterumnostram
1528 2964 1740 3033 rempublicam

55 3025 101 3082 D.
119 3031 145 3085 lc.
160 3035 217 3086 (let.
232 3032 471 3104 lbnstontinopolr'
480 3031 632 3103 lampadio
645 3041 673 3087 et
684 3034 778 3088 Oreste
791 3050 829 3087 ευ.
840 3048 877 3086 cc.
930 3035 1072 3088 molestare
1095 3034 1271 3095 concedatur,
1296 3033 1343 3087 sed
1366 3033 1402 3086 sit
1420 3033 1526 3100 penitus
1550 3031 1650 3098 dehts,
1677 3029 1741 3111 quia

54 3108 156 3152 conss.
765 3105 799 3164 [a.
819 3104 878 3164 5³0]
930 3119 979 3155 nec
997 3103 1024 3155 in
1042 3118 1094 3155 usu
1112 3117 1171 3154 esse
1188 3102 1344 3168 reperimus,
1364 3101 1411 3153 sed
1425 3116 1521 3153 vanum
1536 3114 1633 3154 nomen
1647 3101 1739 3153 huius-

103 3163 145 3222 16
165 3163 263 3220 ulan
280 3166 312 3219 A.
332 3164 441 3221 [aliano
463 3185 511 3239 pp.
552 3167 581 3221 Si
602 3168 663 3236 quis
682 3169 709 3221 in
727 3183 776 3222 sao
795 3171 879 3222 testa·
930 3170 1000 3223 modi
1023 3169 1153 3223 libertatis
1176 3168 1394 3222 circumducitur.
1436 3183 1484 3222 nos
1505 3166 1584 3233 enim,
1608 3167 1654 3236 qui
1671 3167 1739 3221 veri·

55 3240 159 3288 mento
184 3234 317 3301 rogaverit
342 3249 421 3288 suum
447 3235 570 3290 heredem
594 3251 627 3288 ex
650 3236 741 3289 liberis
766 3236 879 3289 ancillae
930 3243 1012 3290 tatem
1036 3237 1161 3302 colimus,
1189 3252 1221 3290 ea
1243 3236 1426 3291 tantummodo
1448 3235 1569 3290 volumus
1592 3235 1622 3289 id
1642 3236 1741 3289 nostris

57 3309 135 3355 auae
151 3316 231 3371 qnam
248 3301 425 3356 nominaverit
438 3319 519 3356 tinum
534 3318 612 3370 quem
627 3303 736 3370 elegerit
750 3303 785 3356 ad
799 3303 879 3357 liber·
930 3321 989 3359 esse
1006 3305 1123 3373 legibus,
1147 3320 1215 3371 qaae
1237 3320 1267 3358 re
1285 3305 1344 3372 ipsa
1361 3303 1490 3357 obtinent.
1527 3302 1553 3357 ll
1554 3344 1737 3356 ........

56 3369 153 3423 tatem
174 3368 323 3438 perducere
346 3374 384 3434 et,
412 3386 472 3423 cam
495 3371 595 3425 ancilla
618 3387 700 3423 unum
724 3371 764 3423 vel
788 3370 878 3439 plures
931 3373 1082 3443 Laronpodr'o
1101 3379 1128 3425 et
1147 3376 1241 3426 Oreste
1258 3388 1344 3426 conss.
1625 3375 1739 3434 [(1531)]

58 3437 149 3490 enixa
171 3442 225 3500 est,
248 3437 326 3490 heres
349 3453 365 3489 n
402 3453 435 3491 ue
458 3438 520 3491 dum
543 3443 667 3506 superest
683 3439 710 3492 in
728 3438 878 3493 libertatem

59 3501 185 3573 aliquem
201 3503 343 3558 adduxerit
360 3520 408 3567 se,
426 3521 487 3558 cum
505 3505 646 3571 deliberat,
670 3506 729 3574 qais
746 3507 781 3559 ad
799 3506 879 3558 liber·

57 3572 152 3625 ham
163 3571 353 3694 producendus
367 3577 416 3633 eet,
430 3573 465 3627 ab
481 3573 532 3627 hac
545 3573 605 3626 luce
617 3573 698 3627 scierit
711 3574 877 3627 subtractus:
1310 3578 1360 3638 vl,

61 3634 162 3693 dubita
181 3644 244 3693 atur
261 3640 295 3694 ab
314 3654 348 3692 an
388 3640 442 3705 uis,
467 3648 592 3694 utrumne
609 3656 700 3695 omnes
719 3657 754 3697 an
772 3641 878 3710 quidam
930 3679 976 3728 DE
1008 3678 1137 3727 LATINA
1163 3677 1358 3727 LIBERTATE
1385 3676 1569 3727 TOLLENDA
1595 3677 1640 3726 ΕΤ
1672 3678 1741 3727 PER

62 3712 123 3758 aut
140 3722 216 3762 neme
239 3722 273 3761 ex
293 3645 387 3761 histes
405 3708 554 3760 libertatem
571 3710 734 3776 perveniant.
770 3709 817 3763 sed
834 3724 878 3762 ve·
979 3744 1688 3796 0111Το81101)ΟὸΙΝΟΝΙΤΑΤΕΜΒΟΜΑΝΑΜ

62 3772 137 3829 teris
152 3774 262 3853 quidem¹
274 3774 340 3828 iuris
358 3774 497 3828 altercatio
517 3775 601 3828 multa
619 3776 670 3830 sibi
687 3791 769 3844 super
785 3776 877 3830 haina·
1233 3813 1429 3862 TRANSFUSA

68 3841 81 3887 1
125 3841 192 3897 modi
209 3842 317 3896 cuibus
334 3842 475 3896 resonarit.
508 3842 565 3896 Nos
586 3848 677 3897 autem
700 3843 803 3897 heredis
823 3858 878 3896 ma·
1432 3848 1436 3858 '

64 3902 216 4029 mmm
242 3916 409 3973 comantes,
435 3911 458 3963 si
482 3926 536 3963 non
558 3911 720 3964 voluntatem
743 3912 879 3966 testatoris
965 3910 977 3967 1
1004 3909 1097 3981 ¹³Imp.
1117 3909 1287 3965 lastinianus
1306 3913 1335 3964 Α.
1357 3908 1475 3964 lolruanr'
1492 3928 1543 3981 pp.
1579 3910 1645 3964 Cum
1666 3910 1737 3965 dedi·

114 3974 120 3985 '
159 3977 252 4033 leserit
266 3983 293 4030 et
307 3992 377 4040 mox,
394 3992 454 4031 eam
467 3979 594 4047 potuerit,
609 3995 663 4031 non
676 3979 785 4046 elegerit
797 3995 879 4032 unam
929 3979 985 4032 ticii
1003 3978 1093 4032 liberti
1109 3978 1163 4032 iam
1180 3979 1280 4033 sublati
1300 3982 1377 4044 sunt,
1402 3984 1565 4056 quapropter
1582 3978 1740 4046 imperfecta

65 4043 142 4097 exli
189 4046 211 4101 's
229 4044 344 4099 ancillae
361 4050 390 4099 et
406 4060 466 4098 eum
480 4045 605 4100 libertate
624 4046 772 4111 donaverit,
790 4046 878 4100 sanci·
929 4047 1088 4101 Latinorum
1118 4046 1228 4101 libertas
1259 4047 1368 4099 incertis
1394 4046 1510 4114 vestigiis
1536 4046 1656 4100 titubans
1666 4048 1686 4079 ¹⁴
1712 4053 1740 4100 et

64 4118 132 4163 mus
147 4112 269 4181 compelli
286 4128 341 4166 non
359 4112 444 4167 solam
462 4129 532 4177 eum,
550 4113 597 4167 scd
615 4114 694 4166 etiam
710 4114 821 4168 heredes
837 4116 877 4167 vel
929 4114 1006 4183 quasi
1032 4129 1081 4181 per
1106 4119 1225 4168 saturam
1248 4114 1358 4167 hiducta
1381 4113 1471 4167 adhuc
1493 4119 1613 4167 remanet
1636 4120 1663 4167 et
1684 4130 1738 4168 non

63 4184 239 4235 ⁸uteessores
269 4179 328 4235 eius
358 4194 448 4234 omnes
479 4181 593 4234 ancillae
623 4180 721 4235 liberos
745 4183 773 4234 in
799 4182 878 4235 liber·
929 4183 1030 4237 inutilis
1054 4181 1160 4250 quidem
1203 4197 1247 4235 ars
1271 4182 1328 4235 eius
1352 4181 1528 4247 deminuitur,
1552 4180 1623 4249 quod
1650 4189 1740 4236 autam

63 4240 86 4288 ²
125 4251 201 4303 tatem
227 4247 384 4329 producere.
426 4248 518 4317 Neque
540 4248 610 4303 enim
637 4249 688 4303 hoc
713 4250 878 4303 casuarium
929 4267 961 4305 ex
979 4251 1038 4320 ipsa
1055 4199 1215 4303 adeuntis
1233 4253 1274 4302 est
1310 4250 1362 4302 hoe
1384 4250 1411 4301 in
1429 4249 1470 4302 ias
1489 4249 1637 4316 perfectum
1655 4248 1738 4303 dedu·

60 4311 277 4370 estimantes
294 4315 444 4370 neutons:
463 4333 523 4369 cum
541 4315 611 4370 enim
626 4317 777 4370 omnimodo
795 4332 878 4384 qaen-
932 4324 942 4372 1
981 4318 1070 4371 citur?
1102 4317 1169 4369 (lum
1186 4317 1255 4370 enim
1273 4290 1363 4369 hatini
1381 4315 1470 4369 liberti
1488 4316 1520 4369 ad
1540 4316 1739 4371 similitudinem

59 4367 134 4432 dam
148 4398 180 4436 ex
197 4384 240 4438 his
257 4383 371 4437 liberum
385 4398 446 4438 esse
459 4383 592 4457 disposuit
610 4392 637 4437 et
654 4400 707 4437 noa
725 4384 759 4438 ad
777 4391 877 4438 certum
929 4386 1055 4454 antiquae
1077 4384 1245 4447 Latinitatis,
1273 4400 1342 4464 qaae
1364 4384 1391 4437 in
1414 4384 1525 4438 coloniis
1535 4387 1556 4417 ¹³
1581 4383 1662 4437 missa
1688 4393 1738 4447 est,

57 4448 178 4515 corpus,
202 4451 251 4506 aed
268 4450 304 4504 ad
321 4466 412 4505 omnes
430 4452 559 4520 respexit,
584 4451 606 4505 si
624 4465 678 4505 non
695 4457 805 4520 paretur
822 4452 878 4505 eius
929 4453 1052 4517 videntur
1069 4467 1128 4506 esse
1145 4453 1304 4516 introducti,
1328 4468 1361 4505 ex
1386 4466 1439 4520 qna
1458 4451 1523 4505 nihil
1541 4451 1613 4503 aliud
1630 4452 1670 4505 rei
1707 4470 1738 4505 a·

53 4510 212 4582 '⁰ldatati,
237 4518 295 4573 sine
318 4519 399 4573 dubio
422 4533 455 4572 ex
478 4519 611 4572 sententia
632 4520 768 4573 testatoris
786 4535 878 4573 omnes
928 4521 1016 4575 blicae
1042 4519 1094 4574 nisi
1121 4521 1219 4573 bellum
1244 4519 1358 4573 accessit
1384 4519 1471 4581 civile,
1499 4518 1565 4573 satis
1591 4520 1674 4573 absur
1694 4536 1738 4573 um

52 4568 79 4615 3
114 4585 155 4658 ‚ad
174 4586 324 4641 libertatem
348 4587 512 4656 perveniant.
554 4586 723 4652 Similemque
748 4601 806 4641 esse
832 4586 878 4640 de·
929 4594 971 4642 est
986 4589 1047 4708 ipsa
1065 4587 1165 4665 origine
1182 4588 1339 4640 reisublata
1354 4586 1493 4653 imaginem
1509 4587 1564 4639 eius
1580 4585 1736 4667 derelinqui.

50 4629 215 4709 finnionem
232 4668 383 4715 censemus,
407 4660 434 4705 et
453 4654 476 4707 si
494 4669 548 4707 non
566 4655 600 4707 ab
618 4654 723 4719 herede,
742 4654 790 4708 sed
806 4669 823 4707 a
840 4655 877 4708 le·
932 4662 963 4710 to
1020 4671 1064 4708 um
1082 4655 1163 4722 igitar
1180 4655 1269 4708 maltis
1286 4654 1371 4708 modis
1392 4659 1419 4707 et
1436 4669 1520 4721 paene
1539 4654 1738 4708 innumerabili·

47 4712 170 4776 &tene
187 4721 229 4777 sel
245 4720 491 4777 fideicommissario
513 4726 629 4775 testator
645 4721 776 4788 rogaverit
799 4721 878 4775 liber·
929 4725 980 4777 bus
998 4723 1156 4776 Latinorum
1179 4722 1334 4776 introducta
1357 4728 1398 4775 est
1422 4720 1543 4775 condicio
1565 4728 1592 4774 et
1609 4722 1679 4789 leges
1698 4722 1736 4775 di-

48 4772 84 4822 *
124 4789 201 4844 atem
226 4789 335 4857 imponi.
375 4788 419 4843 Sic
442 4789 538 4842 etcmm
563 4789 634 4843 iusto
656 4789 750 4842 timore
767 4789 878 4842 heredes
929 4806 1022 4844 versae
1039 4796 1067 4842 et
1083 4795 1192 4844 senatus
1211 4790 1334 4843 consulta
1350 4788 1505 4843 introducta
1523 4795 1585 4842 sant
1604 4796 1631 4842 et
1648 4805 1681 4842 ex
1696 4789 1738 4844 his

47 4842 118 4905 *el
131 4854 250 4926 legatarii
267 4857 308 4910 vel
325 4855 561 4910 fideicommissarii
584 4856 718 4924 perterriti
740 4862 768 4909 et
784 4856 877 4910 volun·
930 4857 1101 4911 difficultates
1120 4857 1249 4911 maximae
1272 4857 1442 4924 emergebant
1463 4860 1517 4910 tam
1535 4871 1568 4909 ex
1586 4857 1643 4924 lege
1660 4857 1739 4911 lania

48 4902 151 4977 t&tem
173 4924 311 4979 testatoris
331 4923 475 4993 adimplere
497 4931 642 4992 procurent
659 4927 688 4976 et
704 4923 757 4979 sibi
773 4940 827 4977 non
845 4939 878 4977 ex
930 4941 1009 4994 qnam
1036 4939 1068 4977 ex
1095 4925 1229 4992 Largiano
1258 4931 1368 4978 senatus
1399 4924 1521 4977 consulto
1549 4939 1599 4978 nec
1623 4940 1677 4978 non
1703 4941 1736 4978 ex

48 4981 187 5046 Qunam
198 4992 324 5046 libertate
334 4991 468 5059 quandem
482 4991 581 5045 adferri
590 4991 876 5060 patiantariacturam.
930 4992 1016 5046 edicto
1038 4991 1092 5045 diri
1110 4991 1232 5056 Traiani,
1256 5007 1369 5060 qaorum
1392 4991 1488 5058 plenae
1508 4990 1612 5058 quidem
1630 4991 1737 5045 inierant

51 5052 141 5121 t{stud
162 5059 187 5114 si
207 5059 424 5126 reclamaverint,
451 5059 502 5112 sibi
524 5060 579 5113 tale
603 5059 770 5127 dispendium
791 5059 876 5129 impu·
929 5065 1037 5116 noemae
1053 5060 1133 5126 leges,
1151 5075 1206 5113 non
1223 5066 1313 5113 autem
1329 5059 1358 5112 in
1376 5058 1457 5112 rebus
1474 5060 1565 5111 iuerat
1581 5074 1672 5113 eorum
1689 5074 1736 5113 ex-

48 5110 140 5192 Mt,
162 5142 216 5181 non
234 5142 268 5179 ex
290 5132 384 5181 nostra
406 5125 472 5194 lege,
495 5127 542 5180 sed
565 5142 599 5181 ex
622 5142 671 5179 saa
694 5127 813 5194 lugentes
836 5129 877 5181 in·
930 5128 1117 5198 perimentum:
1144 5125 1367 5181 studiosissimum
1392 5126 1469 5180 nobis
1492 5125 1577 5178 visum
1602 5133 1645 5179 est
1669 5127 1737 5181 haee

63 5225 164 5248 N...-
188 5242 211 5247 -
262 5243 269 5246 .
303 5241 341 5247 .-.
396 5242 450 5247 -..,
538 5242 555 5246 ..
570 5240 672 5247 ....-.-
682 5241 946 5250 -..---,,,,
990 5243 1008 5249 .,
1073 5240 1364 5247 --.-..-.-,..---..-...
1380 5241 1449 5246 ..m-⁴

54 5285 102 5359 (l)
117 5294 205 5346 debere
222 5296 307 5348 Ceam
325 5296 380 5345 ΒΣ
395 5297 485 5362 (Μ),
503 5295 588 5346 deberi
612 5296 673 5347 Vll.-
697 5294 785 5347 debere
807 5298 875 5349 intel·
928 5297 1077 5360 ΒΣ(κ.π,),
1094 5296 1176 5348 melt'ats
1192 5307 1268 5348 tamen
1284 5300 1367 5348 abesse
1380 5295 1614 5347 monuitMornrnsen
1661 5295 1737 5360 (9)111

59 5354 240 5433 &pacatam
258 5375 344 5415 utnon
360 5375 451 5414 recuset
465 5365 648 5429 redemptionem
712 5365 746 5427 (1)
764 5366 835 5432 iunge
852 5368 877 5429 6,
928 5365 1123 5426 insessam.)
1165 5365 1212 5427 (11))
1227 5365 1460 5432 ianqec.ttl.t.et
1474 5366 1499 5426 l,
1514 5374 1562 5423 t,·t
1606 5363 1648 5425 (11)
1663 5364 1736 5431 lange

59 5432 106 5490 Bt.
122 5440 136 5483 t
154 5441 179 5483 et
194 5449 214 5481 c.
229 5442 254 5483 ts
271 5432 295 5483 b.
310 5441 327 5481 t.
379 5433 412 5496 (a)
430 5431 536 5481 vehatur
560 5432 602 5492 Vr,
623 5431 723 5481 vehitur
744 5431 877 5494 Clhabea·
927 5451 948 5482 e.
964 5442 987 5482 ts
1004 5432 1027 5481 h.
1043 5443 1058 5482 t.
1078 5444 1101 5482 et
1119 5436 1142 5493 'l,
1157 5443 1206 5496 1,1
1274 5433 1319 5493 (lt)
1338 5431 1365 5480 in
1390 5429 1423 5482 Vl
1440 5449 1491 5481 cam
1508 5432 1562 5479 ΒΣ
1575 5433 1667 5494 (aad,
1690 5451 1735 5482 eor.

61 5496 113 5551 *dr
127 5497 185 5558 PR,
202 5496 310 5548 tabem
327 5498 358 5558 h,
381 5492 548 5564 βαστάζεται
568 5500 622 5548 ΒΣ
635 5499 719 5561 (ms.)
791 5501 824 5562 (1)
841 5502 877 5550 sic
933 5498 1016 5550 V⁰CR
1101 5501 1145 5562 (13)
1168 5500 1196 5550 Β
1214 5500 1255 5561 48,
1273 5510 1332 5562 11,1
1411 5501 1456 5563 (11)
1473 5497 1586 5548 titubans
1603 5499 1735 5549 llonmsen

78 5565 124 5618 VO
144 5582 198 5617 eras
219 5566 274 5615 ΒΣ
292 5568 389 5629 (aa),
415 5566 538 5630 sprimis
557 5567 657 5615 veniant
676 5565 807 5616 cunabulis
828 5566 877 5617 PR
927 5585 979 5616 cara
997 5567 1050 5615 ΒΣ
1064 5568 1154 5629 (aaa),
1172 5565 1266 5616 titubat
1286 5568 1312 5629 C,
1331 5565 1439 5616 titubata
1456 5565 1505 5616 PR
1573 5565 1618 5629 (tt)
1636 5564 1672 5615 εἰς
1689 5562 1737 5617 τὰς

64 5633 105 5697 (s)
120 5634 195 5702 aspa
210 5634 235 5697 e,
252 5644 288 5695 ss,
305 5644 318 5683 s
336 5643 359 5684 a
376 5651 396 5684 c.
414 5644 437 5684 u
456 5635 513 5684 tr.
588 5633 661 5698 (aa
687 5634 805 5685 Vconea
827 5635 882 5683 ΒΣ
927 5632 1038 5683 colonius
1055 5635 1107 5683 ΒΣ
1121 5635 1204 5698 (aa.)

69 5701 105 5768 (a.
113 5703 153 5765 π.)
204 5702 237 5764 lt)
254 5698 378 5750 libertatis
391 5718 435 5752 ons.
444 5701 498 5751 ΒΣ
508 5701 541 5765 (κ.
550 5702 590 5766 π.)
634 5701 677 5766 ,(8)
691 5700 734 5753 sed
751 5703 878 5766 confirmat
