3832 6126
132 274 326 327 l'ffl'fflll'l'O

126 440 314 497 instituendam,
337 446 427 493 tamen
446 456 526 511 posse
544 444 669 509 nepotem
686 438 797 493 eandem
815 454 924 493 sarisam

125 524 274 629 pmponcre:
296 510 370 561 etsi
393 526 448 561 ηυη
471 511 549 563 heres
567 508 740 576 apertissimis
759 506 924 576 probationi-

140 594 167 631 us
183 574 327 631 ostenderit
350 577 483 645 ingratum
507 588 610 644 patrem
629 576 733 643 nepertia
752 576 824 627 eirca
841 581 924 627 testa·

124 657 197 698 rorem
222 644 318 709 mbas,
344 650 506 698 testamento
533 650 635 699 remoto
659 644 695 695 ab
718 643 924 695 intestatorum

792 248 973 361 *aa

1677 258 1725 321 lll
1748 260 1788 321 28

976 438 1158 507 subsequatur
1175 437 1230 492 sive
1247 436 1275 491 in
1292 442 1410 517 partem,
1435 438 1570 494 emendari
1589 440 1681 493 vitirrm
1704 448 1731 494 et
1748 440 1789 495 vel

976 508 1056 561 aliurn
1075 524 1130 559 rem
1147 506 1189 560 cel
1207 522 1334 585 pccrrrnas
1353 506 1457 559 restitui
1475 508 1515 561 rel
1533 524 1562 560 re
1583 508 1705 562 lotionem
1722 508 1788 573 lieri,

976 574 1050 629 nulla
1069 573 1188 627 Falcidia
1205 574 1405 637 interveniente,
1424 582 1462 637 nt,
1483 576 1571 628 sires
1607 575 1683 629 initio
1702 576 1789 630 minus

975 643 1056 695 t'narit
1071 642 1227 695 derelictum
1243 642 1297 695 sire
1312 644 1478 697 extrinsecus
1491 643 1693 711 qualiscumque
1707 659 1790 697 carisa

123 710 211 791 rocam,
236 710 291 791 uisi
313 718 389 766 certa
411 713 550 781 quantitas
574 711 644 791 patri
665 712 723 763 eius
745 712 831 764 minor
849 718 924 777 parte
947 738 950 797 Ι
976 710 1154 789 interveniens
1172 709 1281 777 aliquod
1298 724 1442 776 maranen
1458 714 1579 789 imponat
1595 710 1637 763 rel
1658 712 1686 765 in
1704 727 1789 779 quun·

122 780 225 845 bpnma
241 778 336 833 relicta
353 788 409 833 est:
428 788 493 833 tnnc
512 788 609 833 etenim
627 779 774 831 sevnuulnm
792 778 924 831 novellam
947 802 950 815 =
975 784 1053 831 tuate
1072 779 1112 831 sel
1129 794 1156 831 ru
1174 783 1307 845 tempore,
1333 777 1384 831 hoo
1406 778 1490 831 nrorbs
1508 780 1630 833 orirrubus
1648 779 1746 847 repleri
1763 784 1790 833 et

123 848 193 901 nentri
210 846 327 901 nundnis
345 846 579 901 constitutionem¹
601 848 712 924 repletio
731 854 844 913 quartae
860 861 922 912 par-

123 916 150 967 ω
163 914 249 981 nepoti
266 922 398 983 superest,
419 914 443 968 si
461 930 515 982 qua
531 915 602 984 patri
620 930 678 967 erus
697 914 878 981 competebat:
898 921 925 965 et

125 982 263 1051 petruatur
285 988 380 1037 nestro
405 982 535 1037 beneficio
558 986 724 1035 aretustate
746 981 852 1049 quideru
877 996 923 1033 ne·

125 1050 222 1117 ςΙηεῑηε,
246 1058 375 1105 anostra
393 1058 483 1105 sutem
502 1050 590 1117 rigore
608 1057 758 1106 recreatus.
777 1048 827 1101 nisi
845 1057 924 1116 puter

126 1116 194 1171 adbuc
218 1126 357 1186 superstes
381 1118 423 1171 sel
445 1117 595 1186 repudiavit
618 1116 763 1183 querellam
782 1116 822 1169 rel
846 1116 922 1183 qnin-

127 1186 248 1253 quenniarn
272 1186 374 1245 tacuit,
402 1185 506 1239 scilicet
530 1194 591 1253 post
613 1185 713 1237 aditam
737 1184 921 1237 hereditatem.

130 1256 152 1307 ll.
170 1256 221 1305 111²
246 1251 272 1305 lr.
298 1258 368 1323 ,lup
397 1252 635 1325 tlirutuutiuepuli
659 1259 726 1323 pest
751 1250 923 1305 cneurulurum

131 1320 252 1399 hmvadir'
268 1330 297 1375 ct
316 1324 430 1375 tvi-esum
448 1338 486 1375 rr.
504 1337 542 1373 ce.
809 1322 842 1385 [u.
863 1322 923 1381 5311

154 1388 182 1443 b
199 1386 287 1441 'Idem
304 1390 337 1441 A.
359 1387 479 1441 ledervuri
500 1406 548 1467 pp.
589 1388 618 1441 Si
642 1386 750 1455 quando
773 1386 834 1439 talis
858 1404 922 1439 cou-

134 1456 194 1511 ωηο
210 1456 356 1525 imperialis
374 1466 552 1525 processerit,
576 1471 624 1523 per
642 1470 721 1577 pusm
739 1455 823 1509 libera
840 1461 922 1506 testa-

134 1524 190 1579 senti
205 1522 288 1577 tactio
306 1524 478 1586 conceditur,
499 1524 565 1576 nihil
583 1523 648 1576 aliur
675 1522 757 1576 videri
786 1522 922 1589 ›rincipem

137 1592 265 1653 suadere,
293 1592 346 1645 nisi
370 1596 401 1644 nt
425 1592 524 1645 balveat
548 1596 703 1644 consuetam
727 1598 755 1644 et
789 1589 922 1655 egitinianr

978 844 1008 897 tn
1043 856 1164 899 nostrum
1187 845 1309 897 inrarnen
1330 861 1429 923 partun
1455 846 1515 899 tiliis
1542 846 1644 899 inferri.
1691 846 1788 916 lteple·

947 950 950 973 ,
976 913 1075 967 tionem
1093 922 1184 966 autem
1202 912 1261 965 tieri
1278 929 1311 965 ex
1329 928 1389 981 ipsa
1407 914 1559 967 substantia
1577 914 1670 982 patris,
1694 930 1748 968 non
1766 914 1789 969 si

976 980 1038 1048 quiid
1057 997 1090 1034 ex
1108 980 1168 1033 aliis
1186 979 1361 1033 causbertus
1380 981 1499 1034 ineratus
1520 990 1561 1035 est
1578 983 1618 1034 vel
1637 998 1670 1033 ex
1688 984 1788 1035 substi-

975 1050 1079 1103 tutione
1103 1048 1143 1101 cel
1166 1063 1199 1101 ex
1223 1048 1279 1101 iure
1297 1048 1478 1111 adcrescenrli,
1503 1057 1569 1117 puta
1587 1066 1653 1101 urstis
1671 1049 1788 1103 tructus:

974 1116 1150 1170 humanitatis
1165 1116 1261 1169 etenim
1276 1116 1362 1181 gratia
1376 1118 1510 1169 surricirnus
1528 1133 1561 1169 ea
1576 1118 1682 1183 quidem
1701 1118 1791 1171 omitia

974 1185 1052 1253 quasi
1070 1185 1127 1238 iure
1142 1184 1291 1237 etelrentieiu
1308 1202 1366 1235 enm
1384 1184 1491 1243 lucrari,
1509 1186 1681 1265 repletionem
1699 1194 1789 1239 autern

977 1258 1007 1305 tc
1032 1256 1068 1317 lt)
1118 1268 1151 1305 cr
1183 1253 1264 1305 rebus
1294 1252 1463 1305 salutandae
1495 1252 1561 1305 sura
1605 1258 1673 1306 t'um
1700 1261 1789 1307 aretem

974 1320 1063 1388 quis¹¹
1088 1328 1216 1373 extraneo
1239 1318 1336 1371 herede
1358 1320 1481 1373 instituto
1505 1320 1559 1373 tilio
1581 1337 1630 1374 sno
1649 1322 1790 1375 restituere

974 1404 1033 1441 eum
1056 1388 1230 1441 hereditatem
1254 1402 1344 1449 serani,
1369 1404 1429 1441 curn
1453 1388 1596 1445 meriatur,
1621 1388 1789 1457 disposuerit,

974 1456 1014 1508 vel
1039 1455 1066 1509 in
1090 1463 1196 1523 ternpus
1221 1463 1324 1507 eertum
1348 1455 1543 1509 restitutionem
1562 1456 1709 1518 distulerit,
1728 1457 1791 1525 qnia

975 1531 1067 1577 trustra
1088 1524 1253 1585 coristitntie,
1278 1538 1347 1589 quac
1371 1532 1450 1576 antea
1468 1523 1556 1591 posita
1574 1527 1659 1585 est¹²,
1685 1541 1790 1579 omnem

974 1590 1128 1645 dilationem
1154 1607 1259 1644 «linirem
1287 1607 1387 1643 interram
1415 1592 1520 1645 censuit
1545 1608 1604 1645 esse
1629 1592 1789 1647 abstrahe-n·

137 1659 257 1713 tumenti
284 1659 438 1713 factionem.
483 1674 570 1725 neque
596 1658 666 1711 enirn
693 1658 854 1735 eredendrnn
882 1666 923 1709 est
946 1692 950 1735 q
975 1660 1049 1717 dnm,
1074 1668 1104 1711 nt
1127 1662 1224 1727 qrurrta
1247 1674 1310 1725 pars
1333 1674 1402 1725 pura
1425 1668 1452 1711 et
1469 1674 1531 1712 mox
1549 1660 1603 1712 tilio
1623 1659 1789 1726 restituatur,

139 1726 255 1781 bmnium
273 1728 423 1795 principem
439 1728 484 1795 qui
497 1728 557 1780 iura
570 1734 662 1779 tuetur
676 1726 828 1779 huiusmodi
841 1726 922 1779 vearbo
973 1728 1001 1781 in
1025 1726 1177 1779 huiusmodi
1201 1726 1292 1795 specie
1316 1726 1381 1794 quid
1405 1726 1556 1779 iaciendum
1574 1728 1623 1787 sit,
1647 1727 1789 1782 dubitaba-

140 1806 193 1849 ban
212 1795 427 1849 observationem
458 1800 679 1849 testamentorum
709 1794 799 1847 rrrrrltis
828 1793 923 1859 sigiliis

143 1868 149 1915 l
173 1864 340 1929 excogitatam
363 1872 445 1931 atque
469 1864 604 1915 inuentam
628 1862 695 1915 vellc
719 1862 810 1915 everti.
853 1861 922 1914 lllnd

142 1930 352 2009 ra'hnsancimua²
379 1940 421 1991 ut,
447 1931 469 1983 si
494 1931 554 1999 quis
577 1948 594 1983 a
611 1940 689 2009 patre
714 1938 801 1983 «zenas
820 1945 863 1981 res
881 1930 922 1981 rel

142 2004 411 2143 attrectet
426 1998 922 2132 lustrabatutlllllttt

142 2148 214 2186 mane
229 2134 263 2185 ab
282 2150 314 2187 en
333 2146 491 2196 moveretur,
509 2144 537 2187 et
555 2142 616 2201 post
633 2133 735 2187 obitum
751 2134 835 2201 pastris
854 2133 923 2185 tilius

143 2202 214 2267 sente
236 2208 350 2268 paterne
369 2206 529 2255 testamento
547 2219 601 2254 ηυη
620 2201 759 2267 agitaverit
776 2200 833 2253 eius
852 2200 920 2253 indi-

143 2266 195 2323 t'au.
218 2269 262 2321 scel
291 2270 501 2337 oppugnandum
529 2270 676 2338 putaverit,
714 2277 804 2321 vetere
836 2268 921 2331 inique

142 2336 235 2403 apluso³
265 2338 418 2390 huiusmodi
453 2346 533 2405 praeto
565 2338 648 2389 tilium
683 2336 789 2390 minime
817 2336 922 2399 ursinari

143 2403 251 2457 standum
270 2404 412 2473 Papiniani
430 2421 596 2472 responsum,
615 2405 642 2457 in
660 2421 713 2471 quo
732 2404 849 2457 delinivit
868 2418 922 2455 me-

143 2470 284 2539 margat
307 2473 378 2526 tilios
402 2472 437 2525 ad
460 2482 573 2540 paterna
591 2472 720 2539 obsequia
738 2470 922 2539 provocandos

143 2540 255 2607 tequam
276 2541 450 2609 pactionibus
474 2540 687 2607 adstringendae.
729 2539 783 2593 Sed
806 2540 858 2592 hoc
884 2540 923 2591 ita

142 2604 284 2671 dumam,
307 2608 361 2661 nisi
384 2608 580 2663 transactiones
603 2608 639 2661 ad
663 2608 774 2661 heredes
794 2616 922 2685 paterisne

142 2670 185 2729 tm
205 2676 392 2737 celebraverit,
424 2678 452 2730 in
478 2676 575 2743 quibus
602 2676 770 2743 apertissime
797 2674 922 2728 rullieinm

143 2744 152 2791 ἒ
171 2744 241 2811 petris
258 2744 407 2812 agnoverit.
434 2744 472 2796 Et
479 2744 640 2809 generaliter
649 2744 799 2805 dctinimns,
815 2744 922 2811 qrrsrulo

142 2816 190 2883 ltin
215 2812 302 2865 minus
335 2812 451 2877 legitima
481 2812 607 2891 portione
637 2812 691 2864 tilio
718 2810 855 2879 reliquerit
882 2810 922 2863 rel

142 2874 209 2953 inquid
228 2879 335 2935 dederit
351 2880 392 2934 vel
413 2887 508 2935 mortis
532 2894 616 2933 causa
633 2880 778 2933 donatione
796 2878 835 2931 rel
853 2878 923 2931 inter

142 2956 187 3019 ptos
200 2949 246 3001 sub
264 2964 297 3001 ea
315 2948 482 3007 condicione,
504 2953 534 3001 ut
550 2948 618 3001 baec
636 2946 795 3001 interrivos
813 2946 922 3000 donatio

141 3020 273 3082 aennon
288 3015 314 3069 ei
329 3022 506 3084 computetur,
524 3016 548 3069 si
562 3016 633 3069 tilius
649 3022 711 3083 post
726 3014 828 3067 obitum
837 3014 922 3082 patris

141 3074 254 3161 bqqsod
277 3083 403 3139 relictum
424 3083 466 3137 vel
489 3083 581 3137 datum
605 3088 648 3137 est
668 3082 823 3151 simpliciter
840 3097 922 3149 agne-

139 3156 190 3213 mr,
210 3152 281 3206 torte
298 3158 327 3205 et
343 3152 516 3205 securitatem
535 3150 677 3205 heredibus
696 3150 791 3203 lecerit
807 3150 880 3217 quod
898 3149 924 3203 ei

138 3214 228 3273 Mna
260 3228 303 3273 cst
328 3220 479 3287 accepisse,
512 3235 566 3271 ηοη
598 3218 717 3272 aebeiens
744 3218 845 3271 nullam
872 3217 924 3273 sibi

133 3290 247 3405 zamae
272 3288 305 3341 dc
327 3288 475 3356 repletione
496 3286 695 3355 quaestionem,
719 3286 822 3340 nultum
840 3285 923 3339 tilium

176 3354 265 3411 lacere
281 3355 490 3424 praeiudicium,
514 3354 563 3409 sed
586 3354 730 3421 legitimam
753 3360 858 3421 partem
880 3369 922 3407 re·

130 3412 187 3487 hi,
213 3424 266 3479 nisi
292 3424 345 3477 hoc
371 3423 525 3491 specialiter
550 3424 606 3477 sire
632 3422 659 3476 in
684 3424 790 3490 apocha
813 3422 869 3475 sire
895 3421 924 3474 in

128 3482 289 3547 homeriane
312 3492 451 3559 scripserit
474 3491 516 3545 rel
538 3495 638 3560 paetus
656 3490 749 3551 luserit,
769 3490 840 3611 puod
858 3506 922 3543 eon·

126 3548 194 3615 hus
218 3560 315 3614 relicta
331 3562 372 3613 vel
397 3560 463 3613 dats
485 3568 563 3627 parte
580 3559 613 3612 de
630 3574 663 3611 eo
680 3557 752 3625 qnod
788 3562 846 3611 cest
863 3557 922 3611 nrrl·

121 3608 159 3681 fi
173 3628 259 3683 habet
276 3628 474 3696 quaestionem:
498 3634 564 3680 tunc
587 3625 685 3680 etenim
703 3626 776 3679 omni
794 3626 922 3679 exclusa'

114 3690 223 3751 helia
248 3704 393 3764 paternum
426 3695 552 3763 amplecti
584 3694 752 3761 compellitur
785 3693 921 3746 iudicium.

106 3746 121 3797 ³
154 3764 230 3833 Quae
254 3764 341 3817 omnis
367 3763 472 3817 sanctio
495 3778 560 3816 suas
585 3762 689 3815 radices
716 3761 844 3815 extendat
868 3777 923 3815 non

106 3822 190 3887 illurn
207 3831 245 3885 ad
262 3831 348 3885 tilium
366 3831 407 3884 rel
424 3830 515 3895 liliam
534 3829 582 3883 sed
599 3830 679 3883 etiam
698 3830 732 3883 ad
749 3844 843 3883 omnes
861 3844 922 3897 per-

106 3898 191 3965 vau,
217 3914 290 3980 quae
307 3898 341 3953 de
358 3898 509 3953 inofficioso
526 3898 671 3965 querellam
690 3908 786 3952 contra
803 3906 923 3953 mortuo-

106 3964 161 4023 Uln
177 3968 278 4023 nim
294 3967 382 4035 elogia
398 3974 515 4035 pessunt
531 3981 644 4019 movere.
682 3964 715 4019 b.
730 3966 756 4019 lc.
768 3966 842 4037 Sept.
854 3966 923 4019 t'ou·

106 4027 289 4143 &annoyed
308 4042 377 4107 post
400 4034 573 4089 emaculatum
592 4032 738 4105 lampadii
760 4042 787 4087 ct
810 4036 924 4087 Orestae

127 4146 139 4159 .
156 4121 196 4161 cc.
818 4118 842 4153 u.
862 4106 909 4152 531

133 4170 175 4233 36
196 4169 289 4225 'Idem
312 4172 343 4224 A.
367 4168 488 4223 triduum
509 4186 560 4241 pp.
604 4168 708 4223 Scimus
734 4104 923 4223 nntelconsti3

106 4240 253 4297 Πωηωηο
270 4238 368 4291 fecisse
377 4240 405 4299 ¹⁰,
423 4253 477 4306 qua
495 4241 606 4291 cautum
623 4244 678 4299 est,
704 4237 726 4290 si
745 4244 821 4304 pstor
837 4236 922 4289 mino-

106 4312 155 4365 *aa
171 4304 436 4428 debitaflportionem
449 4305 506 4359 tilio
519 4320 569 4359 sno
584 4303 744 4373 reliquisset,
762 4304 922 4366 omnimodo,

106 4380 148 4433 zai
172 4392 233 4431 non
296 4374 393 4427 'cietur
415 4374 465 4426 riri
488 4374 553 4427 boni
574 4373 706 4426 arbitratu
734 4372 831 4440 repleri
859 4371 922 4435 lilio,

137 4452 266 4501 manen
275 4441 335 4511 ipso
343 4440 402 4495 iure
410 4442 498 4495 inesse
507 4440 618 4495 eandem
628 4440 809 4509 repletionem.
834 4438 922 4506 Quae·

106 4516 215 4569 ebatur
232 4512 339 4579 itaque,
363 4509 387 4563 si
407 4509 469 4577 quis
486 4524 542 4562 rem
560 4508 687 4561 donatam
704 4508 745 4561 rel
762 4508 833 4561 iuter
850 4507 923 4561 viros

106 4583 138 4637 el
160 4578 264 4637 mortis
287 4592 371 4631 eausa
393 4577 436 4631 vel
457 4576 485 4630 in
508 4582 668 4631 testamento
691 4575 810 4629 relictam
840 4590 922 4641 agno·

106 4652 169 4705 erit
192 4654 222 4703 et
265 4661 296 4700 ro
320 4650 398 4714 parte
417 4660 468 4699 sua
491 4645 629 4709 habuerit,
648 4643 744 4697 deinde
769 4642 861 4695 eadem
878 4658 923 4696 res

106 4720 188 4772 *ricta
210 4731 229 4769 v
277 4720 338 4768 tots
360 4714 401 4767 rel
424 4729 473 4782 pro
497 4716 577 4780 parte
598 4711 692 4776 iurarit,
717 4726 753 4764 an
776 4711 923 4765 debentes

107 4794 197 4841 astra
224 4781 419 4837 constitutione
446 4795 510 4849 pars
536 4780 652 4847 legitima
677 4785 740 4859 post
766 4778 922 4833 evictionem

173 4852 240 4907 leri:
263 4850 306 4904 vel
331 4850 354 4903 si
378 4864 412 4903 ex
437 4848 494 4917 lege
512 4847 633 4901 Falcidia
654 4854 812 4901 minuantur
834 4847 923 4913 legata

106 4864 373 4977 :iiideieommisss
389 4917 431 4971 vel
447 4917 541 4970 mortis
559 4931 642 4969 eausa
659 4914 825 4978 donationes,
844 4914 923 4968 debet

106 4999 194 5043 nmen
226 5002 263 5041 ex
287 4986 342 5040 hoe
368 5000 433 5039 casu
459 4984 673 5053 supplementum
699 4982 848 5037 introduci:
880 4998 922 5043 ne,

106 5057 168 5111 tmn
190 5062 278 5111 totam
299 5052 447 5107 Falcidiam
471 5052 530 5105 acci
549 5067 594 5105 ere
612 5052 689 5105 heres
707 5050 817 5115 nititur,
841 5052 923 5107 etiam

128 5140 145 5175 s
176 5130 263 5179 totum
279 5120 449 5177 commodum
466 5070 621 5175 hereiitatis
639 5118 753 5173 amittat.
780 5118 922 5173 Sensimus

106 5194 199 5261 Usque
214 5192 244 5247 in
260 5190 385 5246 omnibus
402 5190 461 5243 istis
479 5188 595 5253 mribus,
613 5188 668 5242 sive
683 5187 711 5241 in
725 5192 812 5241 toturn
827 5187 922 5241 evictio

106 5354 152 5423 st)
164 5380 181 5413 a
196 5372 225 5415 tt
242 5362 266 5413 d.
284 5374 300 5414 t.
361 5363 396 5427 (t)
413 5381 461 5413 scr.
479 5377 531 5424 1111,
549 5362 582 5426 cs.
600 5360 744 5426 Zeitsehvr'jl
755 5362 804 5426 far
820 5359 922 5411 Rechts·

106 5430 227 5547 ‚svsetuffin
242 5440 319 5549 pppis
366 5430 401 5493 (at
418 5432 491 5511 appe
508 5448 528 5479 c.
539 5439 566 5480 ss
584 5440 607 5479 er
624 5432 719 5489 aras
766 5428 800 5491 (a)
810 5429 846 5479 ste
854 5428 921 5505 1³03,

108 5499 322 5625 suffr-d
339 5494 754 5633 <2l⁵Ja⁸isslibff¹ll¹lii⁰dn
792 5496 922 5629 iiim

111 5638 183 5681 eu
197 5644 219 5685 u
232 5636 325 5699 e,rs,e
388 5636 413 5697 o)
430 5644 488 5686 cao
507 5635 561 5684 aa
613 5631 756 5697 (roptooino
776 5628 825 5689 cti,
843 5630 920 5680 tnnc

123 5692 216 5749 Bith
230 5700 352 5767 (relictam
408 5702 464 5765 JP
514 5702 558 5766 (u)
572 5701 629 5765 quis
647 5696 722 5763 ΟΨ,
739 5700 761 5749 si
778 5699 835 5763 quis
854 5696 918 5762 Ple,

979 1794 1011 1847 tvl
1053 1804 1105 1847 tur.
1150 1796 1289 1847 hausimus
1315 1796 1405 1861 itaque
1451 1803 1544 1847 nactae
1570 1794 1676 1864 quidem
1705 1796 1789 1864 partis

974 1862 1170 1915 restitutionem
1181 1866 1202 1893 ¹³
1230 1862 1283 1915 iam
1310 1879 1380 1915 nnnc
1410 1812 1539 1916 ceiebrari
1565 1879 1620 1916 ηοη
1647 1869 1790 1931 expectata

974 1948 1023 1983 rum
1042 1940 1128 1983 inerte
1146 1930 1252 1983 luredis
1271 1946 1319 1983 nrm
1338 1930 1464 1997 temporis
1480 1931 1635 1995 mtervallo,
1658 1931 1790 1999 reliquum

974 2004 1072 2057 autern,
1091 2000 1162 2065 quod
1181 2000 1271 2065 pust¹¹
1290 1998 1432 2061 leeitirnanr
1449 1999 1596 2065 portionem
1612 2006 1705 2059 restat,
1723 2006 1790 2053 tunc

977 2074 1006 2119 tc
1040 2066 1157 2127 restitui,
1181 2064 1288 2132 «quietudo
1312 2076 1427 2119 testatur
1448 2066 1588 2134 disposuit.
1630 2066 1789 2121 sinerentur

975 2134 1045 2187 tilius
1068 2150 1144 2186 snam
1168 2133 1277 2186 habebit
1307 2134 1455 2200 portionem
1478 2136 1607 2201 integram
1631 2142 1658 2187 et
1683 2137 1790 2203 qualern

973 2200 1044 2267 leges
1063 2208 1091 2253 et
1109 2207 1202 2255 rinstra
1220 2200 1376 2254 corisritntio
1395 2202 1520 2265 definivit,
1539 2208 1567 2255 et
1580 2203 1696 2271 scriptus
1713 2204 1789 2257 heres

974 2269 1142 2323 eernnuulurn
1166 2269 1237 2336 quod
1259 2269 1283 2319 ei
1302 2276 1416 2321 testator
1433 2268 1576 2337 dereliquit
1593 2286 1654 2323 cum
1672 2270 1789 2338 legitimo

974 2342 989 2389 'l
1025 2336 1204 2389 meuleramine.
1231 2336 1334 2388 sentiet.
1383 2336 1449 2389 lllun
1496 2346 1616 2391 caeterea
1645 2340 1789 2401 sancimus,

973 2412 1005 2458 ut
1028 2411 1150 2472 tempora
1173 2404 1206 2457 de
1228 2403 1369 2457 inofliciosi
1387 2354 1551 2483 quereliao¹³
1567 2406 1602 2458 ab
1620 2406 1695 2459 adita
1712 2408 1789 2461 here·

974 2472 1058 2525 ditate
1073 2471 1220 2525 secundnm
1230 2472 1338 2539 lilpisni
1353 2472 1505 2538 opinionem
1523 2478 1642 2537 currant,
1660 2473 1790 2528 llereunii

974 2540 1120 2593 Modestini
1137 2539 1270 2593 sentencia
1288 2550 1424 2595 recusata.
1449 2540 1493 2606 qni
1512 2555 1529 2591 a
1547 2548 1633 2593 morte
1651 2542 1789 2597 testatoris

974 2608 1036 2662 ilico
1055 2623 1163 2661 cursum
1181 2608 1214 2659 de
1238 2607 1389 2659 inot'ticioso
1408 2608 1542 2675 querellae
1559 2608 1724 2687 temporibus
1742 2608 1789 2663 da-

975 2678 1035 2733 bat,
1058 2682 1089 2727 ut
1115 2692 1169 2729 non
1186 2676 1266 2729 liccat
1284 2674 1375 2727 heredi
1393 2674 1500 2743 quando
1518 2676 1631 2729 volucrit
1649 2675 1731 2737 adire,
1756 2692 1790 2731 ne

974 2760 1023 2811 per
1049 2742 1202 2797 liuinsrnoeli
1228 2742 1361 2795 tramitem
1388 2743 1484 2795 iterum
1514 2743 1584 2797 tilius
1615 2743 1790 2799 defraudetur

974 2818 1009 2864 au
1044 2811 1134 2864 debito
1153 2811 1276 2863 naturali.
1314 2810 1456 2863 Sarrcimus
1479 2811 1582 2879 itaque,
1605 2812 1650 2865 ubi
1675 2816 1790 2866 testator

974 2878 1121 2933 decesserit
1142 2878 1195 2931 alio
1218 2878 1320 2945 scripto
1343 2876 1441 2931 herede
1463 2884 1492 2933 et
1508 2885 1633 2946 speratur
1651 2879 1683 2932 de
1701 2879 1789 2933 ineth-

974 2948 1047 3002 cioso
1071 2947 1199 3015 querella,
1224 2946 1412 2999 necessitatem
1437 2946 1536 2999 habere
1560 2948 1689 3014 scripturn
1712 2948 1788 3001 here·

973 3016 1046 3077 dem,
1073 3016 1095 3069 si
1121 3014 1228 3083 quidem
1254 3020 1362 3082 praesto
1385 3014 1477 3067 estin
1502 3014 1595 3067 eadem
1619 3030 1789 3070 commanens

975 3082 1127 3151 provincia,
1154 3082 1226 3135 intra
1243 3096 1290 3135 sex
1312 3096 1452 3135 mensuum
1473 3082 1606 3162 spatium,
1633 3083 1675 3135 sin
1699 3088 1789 3137 antem

974 3167 1096 3205 seorsum
1114 3160 1234 3217 utraque
1256 3165 1320 3218 pars
1344 3150 1372 3203 in
1395 3149 1506 3203 diversis
1538 3150 1681 3229 provinciis
1709 3150 1789 3219 degit,

974 3226 1038 3273 turm
1062 3219 1134 3273 intra
1151 3218 1249 3271 annale
1271 3218 1456 3271 tantummodo
1479 3225 1595 3286 spatium
1613 3218 1692 3273 simili
1710 3219 1789 3273 modo

973 3304 1022 3355 per
1040 3288 1197 3342 continuum
1213 3294 1329 3339 amurtc
1344 3285 1482 3340 testatoris
1497 3287 1691 3340 rrunrernndum
1704 3288 1789 3341 omni·

974 3354 1053 3409 modo
1071 3354 1145 3408 adire
1163 3354 1315 3409 huiusmodi
1338 3354 1526 3409 hereditatem.
1553 3355 1593 3407 vel
1617 3353 1790 3409 manifestare

974 3438 1050 3477 suam
1068 3423 1236 3485 sententiam,
1254 3421 1327 3489 qnod
1345 3421 1518 3475 hereditatem
1536 3422 1642 3475 minime
1659 3421 1787 3477 admittit:

974 3491 1115 3558 expeditus
1132 3491 1230 3543 etenim
1249 3490 1288 3543 ita
1305 3494 1438 3543 tractatus
1455 3488 1592 3545 inducitur
1610 3490 1665 3543 tilio
1688 3506 1787 3545 memo-

974 3568 1061 3612 ratam
1086 3574 1192 3611 morere
1219 3557 1377 3625 querellam:
1409 3558 1452 3611 sin
1478 3574 1540 3611 vero
1567 3557 1684 3625 scriptus
1710 3558 1789 3613 heres

973 3628 1045 3680 intra
1069 3634 1172 3679 statuta
1195 3634 1316 3694 tempora
1337 3625 1443 3679 minime
1466 3625 1575 3689 adierit,
1600 3640 1647 3693 per
1671 3624 1789 3680 osticium

974 3695 1006 3748 ab
1042 3694 1148 3761 quidem
1166 3693 1262 3746 indicis
1280 3692 1411 3762 scriptum
1426 3692 1549 3813 compelli
1565 3693 1615 3747 hoc
1631 3694 1729 3748 lacere.
1758 3694 1788 3747 ln

974 3762 1060 3816 medie
1078 3768 1175 3821 tamen,
1194 3760 1221 3813 id
1239 3768 1280 3813 est
1297 3776 1314 3814 a
1332 3760 1480 3829 mortequi
1500 3777 1541 3813 em
1559 3761 1705 3824 testatoris,
1726 3766 1790 3815 ante

973 3830 1073 3883 aditam
1083 3838 1173 3883 autem
1182 3828 1365 3892 hereditatem,
1381 3829 1431 3881 etsi
1443 3828 1588 3882 decesserit
1600 3828 1680 3893 tilius,
1695 3828 1789 3883 huius·

974 3898 1046 3951 modi
1064 3896 1217 3975 querellam,
1236 3896 1298 3950 lieet
1317 3913 1370 3949 ηυη
1389 3912 1418 3949 se
1432 3896 1641 3963 praeparaverit,
1660 3896 1695 3949 ad
1712 3912 1788 3951 suam

974 3970 1158 4033 posteritatem
1177 3964 1353 4029 transmittet,
1377 3964 1412 4016 ad
1436 3972 1578 4017 extraneos
1596 3979 1658 4017 rero
1677 3964 1788 4018 heredes

974 4044 1039 4085 tnnc
1064 4032 1262 4093 tantummodo,
1292 4032 1398 4099 quando
1423 4030 1541 4099 antiquis
1563 4032 1637 4085 libris
1661 4032 1789 4085 insertam

974 4102 1058 4155 saciat
1079 4100 1321 4169 praeparationem.
1360 4098 1391 4153 ll.
1409 4098 1435 4151 lr.
1455 4100 1529 4169 Sept.
1550 4100 1728 4153 Cerretanum
1739 4099 1789 4151 voli

970 4178 1037 4241 privs!
1045 4170 1217 4221 consuluntur
1229 4166 1374 4237 Lcrrvqmdii
1391 4176 1417 4219 el
1429 4170 1542 4219 tiresum
1562 4184 1598 4219 ee.
1611 4182 1647 4219 rc.
1676 4172 1710 4231 [a.
1725 4118 1788 4231 iil}

1009 4234 1047 4293 37
1071 4234 1168 4289 ¹“lde-m
1186 4236 1217 4287 Α.
1238 4232 1356 4287 luluruui
1369 4252 1419 4315 pp.
1462 4235 1528 4288 Cum
1550 4233 1667 4302 antiquis
1684 4234 1788 4301 legibus

974 4303 1139 4358 declaratura
1158 4308 1206 4367 est,
1226 4307 1256 4355 nt
1271 4302 1397 4355 militana
1412 4305 1573 4355 testamenta
1587 4301 1621 4353 de
1635 4300 1788 4356 inofficioso

974 4372 1119 4439 querellam
1145 4371 1268 4429 evadant,
1296 4370 1373 4423 mrrlti
1398 4370 1442 4423 ulii
1469 4385 1549 4423 casus
1575 4376 1727 4435 emergunt,
1761 4370 1788 4423 in

976 4446 987 4493 t
1025 4440 1123 4505 quibus
1142 4438 1322 4492 dubitationes
1336 4444 1445 4491 eremas
1460 4436 1542 4505 sopiri
1554 4452 1664 4490 necesse
1680 4446 1730 4490 est.
1756 4437 1789 4491 In

974 4507 1158 4561 castrensibus
1180 4507 1278 4561 etenim
1301 4505 1413 4575 peculiis
1439 4505 1593 4559 introducta
1618 4512 1659 4557 est
1682 4513 1710 4559 et
1735 4504 1791 4559 alia

973 4574 1119 4629 subdivisio
1147 4580 1174 4625 et
1200 4573 1296 4643 peculii
1329 4573 1427 4651 triplex
1454 4572 1587 4626 inuenitur
1612 4587 1703 4625 causa.
1748 4572 1789 4627 rel

972 4644 1044 4697 enim
1066 4656 1200 4709 paganum
1222 4649 1264 4695 cst
1287 4642 1421 4710 peculium
1438 4640 1480 4693 rel
1502 4643 1639 4693 castrense
1658 4640 1699 4693 vel
1717 4640 1789 4707 quod

972 4710 1143 4765 medietatem
1177 4709 1247 4762 inter
1281 4717 1424 4777 utrumqne
1455 4707 1573 4769 obtinet,
1609 4708 1679 4773 quod
1711 4707 1790 4777 quasi

977 4784 1009 4833 tu
1044 4785 1182 4833 castrense
1208 4780 1388 4844 nuncupatur.
1433 4776 1466 4829 ln
1491 4776 1539 4828 tali
1565 4774 1646 4843 igitur
1673 4774 1788 4843 peculio.

974 4846 1047 4927 quod
1065 4845 1142 4914 quasi
1160 4852 1297 4899 castrense
1314 4860 1349 4913 ap
1369 4844 1473 4903 ellatur,
1491 4842 1650 4911 quibusdam
1665 4844 1789 4911 personis

973 4914 1083 4969 licentia
1105 4912 1261 4968 conceditur
1285 4928 1336 4967 con
1355 4927 1400 4966 ere
1423 4910 1529 4978 quidem
1547 4914 1716 4975 testamenta,
1741 4911 1789 4965 sed

973 4999 1029 5037 non
1054 4980 1131 5050 quasi
1156 4980 1283 5035 militibus
1305 4996 1358 5048 quo
1376 4979 1508 5034 voluerint
1530 4979 1624 5041 morlo,
1649 4976 1696 5032 sed
1717 4994 1788 5033 com·

973 5050 1049 5105 muni
1066 5058 1092 5104 et
1108 5050 1183 5103 licito
1201 5052 1229 5102 et
1246 5057 1375 5102 consueto
1393 5047 1486 5101 ordine
1504 5046 1679 5109 observando,
1696 5062 1788 5115 quem-

974 5118 1117 5173 admodum
1135 5117 1311 5171 constitutum
1329 5118 1419 5170 fuerat
1435 5116 1463 5168 in
1487 5114 1643 5168 consulibus
1666 5121 1693 5168 et
1711 5130 1788 5183 prae-

974 5187 1052 5241 fectis
1070 5185 1202 5253 legionum
1221 5192 1248 5238 et
1266 5183 1435 5253 praesidibus
1450 5182 1646 5251 provinciarum
1662 5190 1689 5235 et
1704 5182 1788 5237 omni·

973 5360 1020 5411 iac.
1040 5358 1089 5409 0⁸.-
1106 5358 1128 5406 si
1146 5356 1203 5420 quis
1220 5359 1325 5411 sortasse
1343 5374 1423 5405 verimi
1441 5364 1483 5415 set,
1501 5364 1529 5405 at
1544 5355 1589 5419 qai
1605 5354 1679 5419 dapem
1694 5370 1789 5418 compo·

971 5429 1021 5479 suit
1043 5428 1148 5477 scribere
1173 5427 1198 5475 ia
1216 5426 1296 5475 animo
1314 5425 1427 5473 balamir
1448 5428 1613 5481 sumentem,
1637 5421 1659 5470 si
1674 5420 1731 5485 quis
1745 5456 1789 5483 ...,

971 5494 1142 5553 dubitabatur,
1151 5492 1276 5542 sancimus
1284 5496 1388 5554 quartae
1423 5492 1526 5553 (telam
1537 5490 1586 5540 bt.
1620 5494 1665 5552 (tt)
1682 5490 1719 5539 sic
1732 5490 1789 5539 dett.

970 5581 1024 5615 cam
1039 5563 1074 5623 B,
1090 5559 1287 5611 asthmationsm
1304 5556 1368 5609 rell
1425 5558 1471 5622 (tt)
1534 5555 1611 5611 tell.
1628 5559 1727 5622 praeter
1742 5552 1789 5617 Pl,

969 5632 1056 5751 peficit
1073 5632 1113 5679 P·
1146 5632 1193 5694 (la)
1207 5630 1244 5679 ric
1254 5626 1294 5689 0³,
1309 5624 1412 5691 querela
1427 5574 1584 5691 Pstioesstl
1598 5626 1670 5693 inape
1688 5627 1710 5685 1,
1720 5634 1741 5688 ³,
1752 5634 1788 5677 tt.

986 5710 1034 5761 ,s,
1051 5709 1079 5751 aa
