3832 6126
101 294 160 346 cns

100 460 230 529 ypotheca
248 476 296 513 seu
313 458 488 513 servitutibus
505 458 546 512 vel
565 474 614 527 pro
632 459 693 514 aliis
711 459 770 528 qui·

100 530 211 595 usibus,
235 544 284 596 pro
308 527 405 607 quibus
430 526 598 580 bomhdbtis¹
623 532 718 580 conus
741 543 771 581 sa

100 614 114 648 n
138 602 192 659 est,
216 604 335 664 exeeptis
359 594 543 647 tantummodo
571 594 675 661 cauam,
702 610 771 663 quae

100 666 161 717 reale
178 665 315 731 pertinent
331 663 372 715 vel
396 678 464 730 quae
487 663 521 714 ad
543 662 667 729 publicas
684 663 770 731 respi-

100 731 210 798 ctiones‚
228 746 283 783 non
300 731 371 783 ultra
388 730 496 783 triennii
513 734 600 783 metas
617 734 681 799 pest
697 729 771 784 litem

100 815 136 852 nn
160 814 219 852 esse
242 797 450 866 protrahendae:
477 797 524 849 sed
546 813 637 850 omries
660 797 770 863 indices,

100 883 139 919 vac
164 867 234 920 alma
258 868 325 918 urbe
348 865 403 918 sive
425 865 453 916 iu
477 864 621 932 provinciis
644 865 770 918 maiorem

100 950 168 987 arem
198 940 330 1001 peragimt
355 932 625 996 administrationem,
658 932 713 984 sive
744 932 771 985 in

100 1002 159 1054 ibus
186 1001 268 1070 positi
294 1009 357 1052 siant
381 1000 421 1052 ael
449 1016 481 1051 ea
506 1000 568 1051 aula
594 1008 688 1051 irostra
714 998 772 1052 dati

100 1070 152 1122 tris
171 1069 328 1137 proceribus
346 1067 471 1133 delegati.
495 1082 548 1119 non
573 1082 632 1119 esse
650 1067 689 1119 eis
708 1082 771 1119 con·

100 1155 105 1188 ι
129 1136 243 1188 ulterius
266 1136 328 1187 lites
351 1151 431 1202 quam
453 1134 562 1186 triennii
592 1133 697 1201 spatio²
724 1148 770 1186 ex·

110 1204 163 1257 hoc
180 1203 280 1256 etenim
297 1202 430 1255 iudicialis
448 1201 531 1268 magis
554 1216 612 1253 esse
630 1201 772 1268 potestatis

112 1272 159 1339 qui
176 1272 294 1338 ignoret:
318 1286 380 1323 nam
398 1269 421 1322 si
438 1269 490 1338 ipsi
507 1268 664 1334 volueriut²,
682 1269 772 1322 nullus

100 1356 120 1391 a
137 1339 286 1401 maenitur,
312 1337 358 1404 qui
382 1338 468 1404 possit
491 1336 575 1389 invito
592 1335 680 1389 indice
699 1335 772 1389 litem

100 1421 152 1458 are.
194 1406 232 1459 lit
255 1406 278 1458 si
314 1404 401 1457 uidem
420 1419 483 1472 pars
500 1403 599 1456 actoris
618 1404 771 1469 cessaverit,

108 1473 252 1541 multiplici
270 1422 398 1525 diiatioue
416 1487 478 1524 reus
494 1471 629 1537 fatigetur,
648 1479 675 1522 et
689 1471 771 1523 trien·

100 1559 104 1594 ι
128 1549 192 1609 post
215 1542 288 1593 litem
313 1546 488 1592 contestatam
511 1538 563 1590 mni
587 1554 672 1606 prope
692 1540 772 1590 tinem

104 1616 134 1661 ut
157 1614 304 1661 semenstre
327 1614 432 1675 tempus
461 1613 565 1658 tantum
595 1605 620 1658 ei
646 1606 771 1673 supersit,

100 1677 144 1730 trit
167 1675 250 1729 indici
273 1690 322 1742 per
344 1680 513 1727 exsecutores
538 1672 636 1739 negotii
654 1682 773 1726 actorem

100 1787 102 1801 .
127 1748 223 1812 *parte
245 1742 363 1809 fugiente
385 1757 418 1794 ex
442 1756 495 1794 uria
513 1748 589 1809 parte
607 1740 706 1794 actoris
724 1744 771 1795 ab·

101 1812 276 1865 rcusautcet⁸
292 1810 425 1863 iudicibus
444 1807 593 1861 ornrtimodo
612 1823 675 1861 suas
694 1823 772 1861 aures

100 1880 112 1932 i
138 1878 289 1946 quaestioni
314 1877 511 1930 reserantibus:
539 1885 566 1927 et
593 1875 616 1928 si
641 1891 690 1943 per
716 1882 773 1929 tres

106 1947 186 2000 fuerit
201 1947 383 2005 subsecutum,
402 1944 492 1996 decem
506 1942 608 1996 dierum
623 1943 710 2009 spatio
725 1959 773 2011 per

100 2030 175 2082 mque
192 2014 332 2067 introitum
350 2012 492 2076 destinato,
512 2020 538 2063 et
556 2025 606 2063 nec
618 2010 658 2063 ita
672 2010 772 2065 actoris

100 2083 129 2134 rit
153 2081 262 2134 mactata
281 2090 308 2134 et
325 2096 412 2147 neque
430 2096 478 2147 per
495 2094 524 2131 se
542 2093 627 2156 neque
644 2092 692 2145 per
710 2093 771 2146 pro·

100 2150 293 2203 uirrstructum
311 2147 474 2216 pervenerit,
499 2153 564 2199 tunc
587 2144 702 2198 iudicem
724 2160 771 2199 ne·

117 2228 179 2269 acta
204 2216 275 2283 apud
297 2232 326 2269 ae
350 2216 474 2268 conlecta
499 2213 667 2282 conspicere:
691 2212 729 2266 Et
750 2212 774 2265 si

100 2285 155 2337 iibil
180 2285 317 2337 sut'tieieus
335 2283 475 2335 actitatum
493 2289 542 2346 est,
566 2297 599 2334 ex
617 2296 670 2349 quo
687 2280 773 2349 possit

102 2368 201 2405 cavisse
229 2358 301 2404 certa
328 2350 386 2403 lieri
413 2349 579 2415 coniectura,
607 2364 660 2402 nou
686 2349 773 2402 solum

100 2421 234 2489 ugientem
257 2419 291 2472 ab
315 2417 502 2471 observatione
524 2415 617 2470 iudicii
642 2416 772 2482 relaxare,

100 2505 109 2541 a
132 2488 159 2540 in
183 2502 274 2540 omnes
293 2500 438 2554 expensas,
459 2501 531 2604 guae
548 2489 675 2538 consueto
693 2484 772 2536 modo

100 2556 319 2623 serpenduutur,
337 2569 397 2606 eum
408 2569 457 2605 con
477 2568 592 2617 eantare,
607 2566 669 2603 vera
685 2566 771 2671 guan-

100 2640 153 2675 rum
177 2629 345 2675 sacramento
369 2619 494 2686 fugientis
525 2620 684 2672 manifestam
704 2634 720 2671 a
746 2626 773 2672 et

100 2691 178 2753 stela,
203 2705 283 2757 ‹puam
306 2704 388 2757 super
411 2688 458 2740 lite
480 2702 542 2740 reus
560 2686 692 2754 exposuit,
711 2686 772 2739 red-

100 2774 155 2825 ,nae
181 2766 209 2810 et
232 2757 255 2810 si
282 2754 452 2818 remanserit,
480 2753 580 2809 viribus
604 2755 771 2807 vacuabitur.

100 2833 183 2878 autem
201 2841 233 2877 er
251 2824 333 2890 gestis
351 2823 423 2890 apud
441 2838 470 2876 se
490 2821 587 2874 habitis
603 2830 681 2890 parte
698 2826 772 2875 acto·

100 2909 130 2945 ne
157 2894 265 2945 inventa
291 2890 377 2958 possit
403 2889 522 2944 mvenire
548 2890 628 2955 viam,
660 2904 693 2941 ex
719 2904 773 2958 qua

100 2977 131 3012 un
149 2961 175 3012 ei
192 2959 254 3023 fiat,
277 2958 340 3026 quid
358 2956 526 3010 statuendum
546 2957 592 3023 sit,
618 2962 645 3009 et
661 2957 773 3010 absente

100 3030 104 3081 i
122 3044 182 3080 eum
200 3027 335 3080 meliorem
354 3041 462 3079 causam
481 3024 581 3078 habere
599 3024 771 3092 perspexerit,

100 3112 150 3148 irre
168 3094 328 3147 sententiam
348 3109 404 3147 non
426 3095 543 3146 moretur
561 3098 587 3145 et
604 3098 773 3171 praesentem

100 3164 164 3216 senti
187 3163 272 3215 actori
291 3161 482 3226 condemnare,
508 3175 631 3228 expensas
655 3164 772 3212 tantum·

100 3247 125 3295 s,
149 3245 217 3297 quas
241 3244 303 3281 reus
327 3228 442 3295 legitima
465 3242 495 3282 se
516 3227 676 3294 expendisse
700 3226 771 3279 iura·

100 3297 275 3350 idemnatioue
293 3296 470 3363 excipiendis,
492 3294 555 3362 quia
572 3294 643 3348 hanc
660 3310 772 3361 poenam

104 3365 116 3396 ⁸
139 3364 277 3416 meliorem
300 3378 408 3415 causam
429 3362 538 3416 habenti
561 3377 670 3481 propxer
688 3361 773 3415 solam

100 3432 165 3484 stiae
193 3430 387 3483 contumaciam
410 3430 578 3497 imponimus.
620 3429 701 3483 lullo
725 3445 772 3497 pe·

100 3514 218 3566 regressu
237 3499 272 3551 ad
289 3498 398 3551 eandem
416 3496 488 3549 litem
507 3496 699 3550 conservando:
725 3497 772 3550 sed

100 3574 206 3620 atumaa
231 3566 311 3618 cadat
335 3563 485 3618 omnimodo
508 3564 567 3628 lite,
591 3564 615 3616 si
638 3580 700 3618 reus
723 3566 771 3617 ab·

116 3634 159 3687 sin
180 3650 241 3686 vera
266 3633 355 3700 aliqua
379 3632 563 3685 condemnatio
588 3639 681 3685 ccsrrtra
699 3648 773 3686 reum

100 3706 145 3754 nte
166 3710 259 3754 actore
283 3701 448 3767 proferatur,
477 3715 556 3766 quam
584 3700 697 3754 forsitan
719 3717 772 3754 non

100 3785 139 3821 em
173 3769 224 3824 sibi
257 3776 332 3821 actor
364 3766 497 3835 putaverit
527 3765 666 3833 fugitivus,
698 3768 773 3820 nullo

101 3854 160 3889 rum
183 3834 293 3888 earsdesn
317 3835 390 3887 litem
411 3833 573 3887 resuscitare
592 3835 770 3889 concedimus.

100 3919 130 3957 ec
154 3904 260 3971 qiridem
282 3916 369 3969 grueria
389 3901 475 3954 actori
491 3903 539 3953 liat
557 3901 690 3969 imposita.
726 3903 775 3957 Sin

100 3988 131 4024 us
149 3970 248 4023 afuerit
271 3975 298 4022 et
320 3969 412 4022 similis
431 3969 486 4021 eius
505 3970 667 4035 processerit
684 3970 772 4039 requi·

100 4036 281 4091 emadmodum
304 4052 353 4104 pro
374 4052 491 4115 persona
514 4036 613 4089 actoris
635 4038 773 4103 ediximus,

100 4111 171 4159 sente
189 4120 220 4157 eo
238 4104 426 4157 eremodicmm
446 4104 620 4156 aetimabatur
641 4114 667 4159 et
684 4105 772 4171 iudea,

100 4189 107 4224 i
135 4172 207 4239 quod
231 4171 365 4225 veteribus
392 4171 492 4237 legn‘bus
520 4180 628 4225 cautum
655 4179 707 4239 est,
740 4188 774 4227 ex

100 4256 115 4294 e
139 4256 200 4293 cum
219 4239 291 4291 omui
309 4238 457 4291 subtilitate
476 4254 584 4291 causam
601 4239 720 4307 requirat
737 4247 773 4307 et,

100 4324 134 4361 us
153 4307 235 4361 fuerit
252 4307 385 4372 macutus,
403 4311 429 4358 et
448 4312 543 4359 coritra
559 4308 697 4361 absentem
710 4325 772 4377 pro·

101 4375 297 4429 damnationem
314 4389 369 4426 non
387 4381 486 4436 cesset,
513 4389 581 4440 quac
599 4375 633 4427 ad
651 4376 773 4429 etl'ectum

100 4459 141 4496 ar:
160 4448 187 4495 et
199 4459 251 4523 per
268 4457 311 4495 res
329 4447 357 4493 ct
374 4441 516 4494 facultates
534 4442 661 4509 fugientis
679 4443 774 4498 victori

116 4511 172 4564 sive
197 4524 256 4588 ipse
280 4509 360 4562 iudex
385 4524 417 4561 ex
443 4524 493 4561 sua
515 4509 696 4563 iurisdictione
722 4511 773 4565 hec

100 4582 172 4641 test,
194 4593 250 4631 save
272 4592 320 4644 per
337 4576 492 4629 relationem
510 4576 545 4629 ad
562 4578 687 4630 maiorem
705 4577 771 4632 iudi·

116 4644 250 4698 referatur
275 4651 302 4696 et
325 4660 357 4697 cx
376 4659 407 4698 eo
426 4642 541 4708 legitima
559 4645 600 4697 via
618 4648 712 4698 contra
728 4661 772 4698 res

100 4714 128 4766 :is
146 4713 298 4779 aperiatur:
321 4712 395 4764 nulla
419 4711 526 4763 licentia
550 4711 575 4765 ei
591 4712 632 4764 vel
649 4711 695 4764 alii
711 4728 771 4780 per·

100 4780 137 4832 ius
161 4780 245 4832 solam
268 4778 454 4846 praetendenti
478 4778 648 4832 concedenda
666 4787 772 4833 contra-

106 4862 167 4900 cum
193 4847 221 4899 in
243 4847 437 4914 possessionem
462 4861 494 4897 ex
517 4845 669 4900 huiusmodi
690 4862 773 4900 causa

100 4915 191 4969 tatur:
219 4930 269 4967 nec
295 4914 318 4967 si
344 4928 465 4966 reversus
495 4912 578 4966 fuerit
608 4922 635 4966 ει
661 4914 773 4968 voluerit

100 4996 147 5035 nes
172 4982 235 5034 dare
259 4989 286 5034 et
310 4981 503 5048 possessionem
526 4995 699 5049 recuperare,
723 4997 771 5034 au-

100 5065 119 5103 n
135 5048 287 5102 huiusmodi
305 5049 402 5102 etenim
421 5047 527 5100 casibus
546 5063 649 5101 omnem
666 5049 691 5102 ei
708 5064 771 5103 con-

100 5116 208 5171 :tienem
235 5116 408 5168 excludimus.
453 5114 518 5168 Cum
550 5124 639 5169 autem
671 5131 771 5171 eramo·

100 5182 229 5237 antilmnr
263 5184 317 5235 sive
349 5198 398 5250 pro
431 5192 523 5236 actore
555 5184 609 5236 aive
640 5199 690 5252 pro
716 5199 771 5247 reo,

100 5250 123 5305 lo
139 5250 197 5305 sine
215 5250 270 5304 alla
285 5250 425 5303 obstaculo
438 5249 594 5303 celebretur.
627 5251 771 5304 cumcuim

116 5316 146 5372 in
168 5317 255 5371 medio
281 5325 469 5385 proponuntur
496 5318 658 5386 scripturae,
685 5317 771 5385 litiga·

298 5424 473 5431 .-.-.....
510 5423 719 5430 .·-—--—.-.

100 5498 130 5549 a.
146 5484 261 5538 omnibus
281 5483 345 5537 Pc'n
447 5492 480 5544 tt)
503 5485 608 5536 triennii
630 5486 710 5551 spatio
731 5484 770 5547 θ’,

100 5554 227 5621 ¹patimur
237 5551 316 5603 ΡΜ
367 5554 400 5618 (ι)
418 5552 611 5605 noluerintedd.
663 5555 769 5617 (aleius

100 5620 120 5674 Ρ
188 5620 372 5684 wmmP
442 5622 626 5681 mmmP
695 5624 772 5685 mm

153 5692 189 5754 tt)
205 5687 313 5755 gratiam
330 5688 389 5741 libri
454 5689 491 5755 (a)
506 5691 544 5741 ete
560 5689 606 5755 12⁸,
622 5688 700 5742 anni
713 5687 774 5744 ΡΟ

772 268 827 344 fil

759 5424 763 5429 .
780 5424 871 5430 --—-...
884 5423 1019 5431 ἡ.-

1544 275 1630 345 1111

820 461 888 515 toris
903 460 1025 515 absentia
1040 458 1247 528 deipraeaeutia
1259 459 1384 529 repletur,
1397 475 1447 515 nec
1460 461 1635 530 pertimescat

821 529 901 582 iudex
923 527 1110 598 appellationis
1135 527 1316 591 obstaculum,
1336 544 1395 581 cum
1413 528 1452 592 ei,
1474 530 1520 596 qui
1538 536 1632 585 contu-

821 595 932 650 maciter
953 596 1049 649 abesse
1073 595 1207 657 noscitur,
1232 595 1305 648 nulla
1327 604 1368 648 εει
1386 597 1583 664 provocationis
1600 597 1631 651 li·

822 663 923 728 centia,
966 662 1020 717 uod
1041 670 1069 717 et
1090 663 1118 716 in
1141 662 1272 717 veteribus
1296 663 1398 741 legibus
1420 679 1479 718 esse
1502 669 1633 719 statutum

822 736 837 782 b
873 748 897 783 m
936 730 1080 784 'estissimi
1102 730 1168 784 iuria
1195 738 1243 784 εει.
1285 730 1442 785 Huiusmodi
1466 739 1555 786 autem
1571 747 1632 788 sen·

821 798 906 851 tentia
929 812 1013 866 prope
1036 797 1114 851 finem
1139 797 1246 851 triennii
1268 798 1434 866 proferatur,
1456 814 1510 879 pro
1533 815 1586 868 quo
1605 806 1634 854 et

822 873 989 933 praesentem
1013 865 1099 931 legem
1122 865 1282 918 induximus.
1324 866 1347 919 si
1369 866 1437 919 enim
1455 883 1483 919 m
1500 867 1634 922 anteriore

823 942 956 1001 tempore,
979 934 1008 985 in
1031 948 1083 1000 quo
1106 932 1180 999 larga
1202 933 1329 1000 temporis
1352 940 1474 1001 superest
1497 933 1589 988 dilatio
1606 940 1634 988 et

822 1017 883 1068 spes
900 1000 1006 1055 absenti
1022 999 1117 1053 relicta
1133 999 1216 1053 fuerit
1238 1000 1399 1061 revertendi.
1423 1001 1553 1055 alterutra
1569 1017 1633 1080 pars

823 1067 974 1131 cessaverit
992 1066 1020 1120 in
1037 1068 1096 1121 sola
1110 1082 1286 1135 expensarum
1301 1068 1408 1120 datione
1423 1076 1450 1121 et
1466 1068 1634 1124 absolutione

822 1135 936 1188 forsitan
962 1142 1114 1202 praestetur
1140 1135 1260 1202 praesulis
1287 1135 1433 1198 sententia,
1464 1151 1519 1190 non
1544 1140 1633 1191 autern

823 1207 887 1255 tuuc
913 1217 984 1256 mors
1007 1201 1061 1255 litis
1085 1210 1112 1254 et
1130 1202 1314 1255 condemnatio
1338 1202 1366 1255 in
1388 1203 1527 1257 absentem
1549 1204 1632 1258 intro-

823 1270 954 1333 ducatur,
977 1285 1045 1335 quae
1067 1270 1094 1321 in
1112 1269 1154 1322 his
1171 1269 1354 1323 tantammodo
1374 1271 1481 1324 casibus
1498 1269 1632 1333 accidunt,

824 1344 840 1391 a
866 1337 894 1388 in
912 1336 1008 1405 quibus
1021 1336 1128 1390 triennii
1143 1336 1276 1390 effluernis
1291 1337 1408 1391 imminet
1423 1336 1546 1392 formido.
1573 1337 1633 1392 Sive

823 1414 912 1457 alitem
939 1404 1069 1457 alterutra
1113 1412 1172 1457 arte
1197 1404 1309 1457 absente
1335 1405 1389 1458 sive
1415 1413 1529 1483 utraque
1555 1420 1633 1474 prae·

823 1480 898 1525 sente
918 1471 951 1525 lis
978 1471 1059 1524 inerit
1100 1471 1186 1535 ecisa,
1210 1487 1301 1525 omnes
1319 1471 1433 1537 iudices,
1454 1489 1499 1540 qm
1516 1472 1566 1527 sub
1584 1473 1633 1527 inr-

823 1540 897 1608 perio
921 1544 1014 1592 nostro
1038 1539 1176 1592 constituti
1199 1546 1273 1602 aunt,
1297 1539 1383 1593 sciant
1407 1540 1435 1592 in
1456 1555 1634 1608 expensarum

823 1621 907 1660 caasa
928 1606 1026 1659 victum
1044 1606 1137 1659 victori
1154 1622 1214 1661 esse
1237 1606 1479 1670 condemnandum,
1504 1616 1634 1675 quantum

823 1689 872 1743 pro
891 1673 975 1727 solitis
992 1673 1116 1742 expensis
1134 1674 1219 1727 litium
1236 1674 1375 1733 iuraverit.
1397 1690 1451 1728 non
1472 1673 1633 1741 ignorantes,

823 1740 1019 1877 situla
1031 1741 1634 1878 distantiis-0³dirimentibus

823 1881 837 1928 'l
879 1875 1073 1929 coartabuntur
1119 1876 1157 1928 Et
1178 1876 1245 1929 liaec
1269 1876 1302 1929 de
1325 1877 1455 1930 alterutra
1478 1883 1555 1946 parte
1579 1877 1631 1930 liti·

823 1943 960 2011 gentium⁷
981 1943 1175 1997 contumaciter
1191 1944 1301 1997 absente
1319 1944 1395 1997 nobis
1414 1947 1532 1999 statuere
1548 1944 1633 1998 visum

823 2019 864 2065 est
898 2011 933 2065 ad
967 2011 1110 2079 aequitatis
1144 2011 1273 2065 rationem
1309 2012 1397 2065 omnia
1430 2012 1632 2079 corrigentibus.

824 2083 839 2132 t
874 2079 921 2132 Sin
938 2086 1027 2133 autem
1045 2086 1158 2146 unaque
1175 2085 1252 2147 parte
1269 2078 1420 2132 imruinente
1440 2086 1467 2132 et
1483 2079 1555 2133 litem
1573 2096 1632 2147 per-

823 2161 902 2212 agere
933 2146 1057 2213 cupiente
1088 2146 1168 2200 iudex
1199 2162 1257 2199 eam
1289 2146 1410 2215 accipere
1443 2147 1559 2201 noluerit
1592 2144 1633 2201 vel

823 2222 933 2282 propter
956 2214 1087 2268 amicitias
1111 2215 1152 2267 vel
1173 2213 1324 2268 inimicitias
1342 2215 1383 2266 vel
1401 2214 1547 2282 turpissimi
1565 2215 1632 2269 lucri

823 2281 928 2349 gratia·
950 2282 989 2333 vel
1007 2296 1057 2349 per
1073 2281 1145 2334 aliud
1163 2282 1224 2361 quic
1244 2296 1304 2334 uam
1323 2281 1430 2362 vitium,
1453 2280 1524 2349 quod
1542 2282 1633 2336 mmer-

823 2347 895 2403 rimis
913 2349 1008 2402 animis
1025 2348 1177 2402 huiusmodi
1193 2299 1310 2401 iueiicum
1328 2349 1430 2403 innasci
1447 2354 1543 2417 potest,
1561 2349 1633 2403 litent

823 2418 831 2470 i
852 2432 880 2470 se
897 2432 979 2470 ausus
997 2417 1079 2468 fuerit
1096 2417 1228 2483 protelare
1246 2424 1273 2469 et
1291 2421 1401 2497 propter
1420 2417 1472 2470 hoc
1489 2415 1632 2471 triennium

834 2484 904 2539 aaut
929 2493 1106 2549 transactum,
1134 2483 1225 2545 iudex,
1252 2484 1275 2536 si
1301 2483 1405 2550 quidem
1426 2483 1454 2536 in
1539 2484 1634 2537 'ueta

823 2553 925 2620 positus
943 2561 984 2605 est
1001 2553 1041 2605 vel
1058 2553 1086 2607 in
1103 2551 1203 2605 maiore
1221 2550 1348 2617 dignitate
1366 2551 1499 2619 usquead
1517 2551 1632 2606 'lustra

822 2628 866 2674 tus
916 2619 1003 2682 adum,
1025 2619 1116 2673 decem
1135 2620 1215 2673 libras
1233 2620 1293 2672 auri
1309 2618 1418 2739 privatis
1436 2619 1535 2673 nostris
1553 2618 1632 2685 largi·

823 2687 888 2741 doni
909 2704 940 2741 us
961 2688 1059 2740 inferre
1078 2702 1125 2755 per
1143 2687 1263 2740 scholam
1281 2686 1425 2755 paulinam
1444 2687 1632 2754 compellatur:

823 2755 863 2807 sin
888 2760 977 2808 autem
1000 2754 1080 2808 index
1103 2753 1189 2807 minor
1212 2754 1307 2817 fuerit,
1329 2754 1408 2806 trium
1430 2753 1557 2807 librarum
1575 2754 1633 2807 auri

824 2822 907 2875 multa
933 2823 1065 2891 plectetur
1090 2837 1139 2888 per
1165 2821 1276 2875 eandem
1302 2821 1421 2876 scholam
1451 2820 1580 2887 exigenda
1606 2828 1634 2875 et

823 2894 916 2943 nostro
943 2889 1046 2943 acrama
1073 2889 1248 2969 applicanda,
1275 2896 1302 2943 et
1324 2905 1355 2943 eo
1379 2887 1537 2943 removendo
1564 2889 1633 2943 alter

823 2957 903 3010 iudex
920 2957 947 3010 in
965 2957 1052 3011 locum
1071 2972 1127 3009 erus
1145 2957 1305 3024 subrogetur
1322 2958 1371 3010 sub
1397 2957 1507 3011 similisl
1529 2971 1633 3028 poenas

823 3024 976 3079 formidine:
995 3024 1036 3077 bis
1055 3024 1177 3078 omnibus
1193 3025 1280 3078 locum
1296 3024 1463 3089 habentibus,
1484 3041 1544 3079 curn
1564 3040 1632 3083 unus

824 3098 858 3146 ta
892 3092 972 3145 iudea
998 3107 1101 3145 omnem
1128 3106 1236 3145 causam
1263 3092 1297 3145 ab
1323 3091 1399 3145 initio
1424 3098 1541 3159 peragat.
1585 3093 1633 3148 Sin

823 3167 912 3213 autem
935 3160 961 3213 in
984 3159 1070 3213 medio
1094 3158 1209 3212 trieumo
1227 3160 1268 3212 vel
1293 3166 1378 3212 morte
1402 3159 1497 3213 iudicis
1516 3161 1556 3216 vel
1579 3160 1633 3215 alia

823 3226 996 3281 inrecusabili
1013 3227 1155 3281 occasione
1168 3225 1295 3280 iudicium
1307 3226 1390 3280 fuerit
1403 3231 1542 3293 mutatum,
1558 3234 1632 3290 tunc.

823 3295 846 3349 sl
890 3294 977 3347 uidem
1003 3310 1037 3347 es
1062 3293 1177 3347 triennio
1204 3294 1301 3347 annam
1326 3299 1431 3374 tempus
1455 3294 1496 3347 vel
1517 3295 1632 3376 amplius

823 3310 934 3425 maiia,
959 3362 985 3415 in
1004 3377 1056 3430 qua
1074 3361 1142 3415 alius
1160 3360 1241 3414 iudea
1258 3377 1356 3415 causac
1379 3362 1537 3430 imponitur,
1561 3369 1633 3417 mua

823 3430 954 3497 reliquum
976 3436 1082 3497 tempus
1105 3444 1187 3482 causa
1213 3428 1334 3482 finiatur:
1362 3429 1403 3483 sin
1429 3435 1519 3483 autem
1544 3431 1632 3485 minus

823 3513 902 3565 quam
926 3497 1022 3550 armale
1045 3496 1093 3560 sit,
1116 3504 1182 3549 tunc
1205 3512 1282 3550 omne
1304 3496 1376 3565 quod
1397 3496 1471 3551 deest
1488 3498 1632 3565 repleatur,

823 3574 853 3618 ut
876 3580 929 3617 ivon
947 3565 975 3617 in
992 3563 1094 3617 minore
1110 3563 1224 3631 perfecti
1240 3563 1304 3618 anni
1321 3574 1439 3633 tempore
1456 3563 1529 3617 litem
1547 3565 1634 3643 possit

823 3633 995 3700 subrogatus¹
1014 3630 1094 3684 iudex
1124 3637 1179 3683 tam
1210 3631 1341 3685 discutere
1372 3647 1451 3699 quam
1480 3639 1630 3687 terminare.

824 3703 839 3753 9
873 3699 923 3752 Illo
948 3699 1041 3767 procul
1063 3697 1145 3752 dubio
1169 3698 1348 3764 observando,
1367 3704 1410 3761 ut,
1434 3698 1457 3753 si
1481 3714 1567 3767 neque
1584 3716 1632 3769 pcr

823 3767 980 3821 alterutram
1004 3765 1162 3833 litigantium
1186 3771 1290 3834 partem
1313 3766 1353 3819 vel
1375 3782 1423 3833 per
1447 3764 1560 3821 iudicem
1578 3776 1631 3822 sta·

824 3834 900 3896 terit,
927 3833 1068 3902 quominus
1095 3833 1127 3886 lis
1152 3850 1201 3888 suo
1228 3834 1316 3886 llarte
1341 3832 1479 3899 decurrat,
1511 3834 1558 3888 sed
1584 3850 1632 3903 per

823 3909 951 3971 patruum
969 3916 1119 3965 causarum,
1136 3900 1244 3954 licentia
1261 3901 1340 3955 detur
1356 3900 1439 3954 iudici
1457 3906 1484 3954 et
1500 3916 1547 3957 eos
1565 3901 1631 3956 dna·

824 3985 882 4022 rum
901 3967 1026 4022 librarum
1044 3967 1104 4021 auri
1120 3983 1208 4037 poena
1224 3968 1339 4023 adficere
1356 3984 1404 4036 per
1422 3968 1540 4022 scholam
1556 3969 1631 4038 pala·
1702 4024 1704 4028 ,

823 4036 908 4090 tinam
930 4035 1061 4104 exigenda
1082 4044 1109 4090 et
1131 4035 1253 4090 similiter
1275 4035 1389 4105 publicis
1412 4036 1560 4091 rationibus
1584 4037 1630 4092 ad·

822 4102 970 4172 greganda‚
995 4104 1053 4223 ipso
1071 4102 1194 4157 videlicet
1214 4102 1303 4157 indice
1319 4103 1347 4156 in
1364 4119 1414 4157 sua
1430 4103 1563 4157 sententia
1580 4104 1632 4160 hoc

823 4174 832 4227 i
852 4187 910 4225 snm
933 4171 1135 4238 maiesataam,
1178 4171 1231 4224 uod
1253 4187 1302 4240 par
1323 4177 1451 4238 patronos
1475 4186 1574 4225 cauam
1590 4172 1632 4226 vel

836 4238 949 4306 umentis
967 4238 1008 4292 vel
1029 4242 1132 4305 agentis
1156 4190 1246 4292 εἳὶιειίο
1269 4239 1343 4292 tacta
1359 4247 1400 4291 est
1417 4239 1456 4292 vel
1474 4255 1522 4307 per
1540 4254 1631 4294 omnes

823 4308 864 4362 vel
892 4307 1019 4375 quasdem
1045 4323 1078 4360 ex
1104 4307 1157 4362 bis:
1191 4304 1350 4360 necessitate
1381 4305 1519 4359 advocatis
1545 4305 1630 4375 impo-

823 4375 925 4441 nenda,
950 4390 983 4428 ex
1005 4390 1057 4443 quo
1080 4373 1152 4430 litem
1176 4373 1352 4493 peragendam
1370 4372 1547 4440 susceperint,
1571 4389 1631 4427 εειιι

824 4458 908 4511 usque
931 4442 966 4496 ad
983 4442 1137 4508 terminum,
1163 4441 1214 4495 msi
1248 4457 1281 4493 ex
1298 4440 1339 4494 vel
1355 4440 1428 4494 iusta
1449 4455 1531 4494 caasa
1547 4440 1630 4511 impa-

824 4510 893 4570 diat‚
919 4509 1076 4577 adimplere,
1100 4526 1134 4563 ne
1155 4525 1187 4562 ex
1205 4508 1262 4561 eius
1279 4508 1449 4562 recusatione
1466 4508 1515 4561 tiat
1532 4523 1632 4562 caussa

823 4577 928 4631 dilatio:
947 4577 1096 4632 honorariis
1115 4576 1248 4630 sciliceta
1263 4574 1413 4637 clientibus,
1431 4574 1477 4644 qui
1491 4575 1555 4628 dare
1568 4591 1630 4644 pos·

823 4645 891 4711 sint,
915 4644 1096 4698 disertissimis
1113 4642 1212 4710 togatis
1236 4641 1386 4696 dnmmodo
1407 4641 1577 4710 praestandis
1595 4649 1631 4710 at,

823 4712 846 4767 si
863 4711 1033 4776 cessaverint,
1051 4728 1100 4780 per
1117 4718 1288 4765 exsecutores
1304 4709 1470 4778 negotiorum
1486 4709 1631 4777 agendis,

823 4795 857 4833 ne
879 4785 907 4832 et
927 4795 976 4849 per
998 4778 1150 4833 huiusmodi
1172 4776 1395 4831 machinationem
1419 4793 1515 4831 causae
1537 4777 1632 4832 merita

823 4848 1026 4915 protrahantur,
1050 4845 1102 4900 nisi
1124 4846 1183 4915 ipsa
1204 4845 1322 4911 litigator
1347 4845 1428 4899 aliurn
1445 4860 1494 4912 pro
1512 4844 1565 4899 alio
1582 4861 1631 4914 pa·

826 4920 856 4967 to
897 4922 1005 4968 tronum
1031 4915 1126 4981 eligere
1152 4913 1284 4967 maluerit
1326 4912 1402 4966 llaec
1427 4917 1516 4966 autem
1541 4912 1632 4966 omnia

822 4982 881 5035 in²⁰
903 4982 944 5035 his
968 4981 1046 5036 nobis
1064 4986 1142 5034 canta
1161 4985 1237 5045 sunt,
1262 4980 1358 5048 quibus
1380 4979 1516 5048 perfectae
1534 4977 1631 5033 aetatis

824 5048 975 5103 constitutis
1001 5049 1140 5103 arbitrium
1166 5064 1243 5102 auum
1278 5063 1326 5115 pro
1359 5046 1482 5104 omnibns
1514 5046 1631 5101 causis¹¹

826 5122 851 5170 tt
899 5115 1006 5170 suflicit.
1052 5116 1100 5170 Sin
1127 5132 1187 5169 vero
1216 5128 1313 5168 cauam
1338 5115 1381 5168 vel
1404 5113 1568 5183 pupillorum
1590 5113 1631 5167 sol

822 5183 973 5237 adnlwrum
995 5183 1049 5237 sint
1065 5183 1107 5236 vel
1128 5183 1241 5237 afiorum
1260 5184 1309 5235 sub
1328 5197 1394 5235 cura
1410 5181 1545 5249 mentium
1562 5197 1631 5235 mas·

823 5251 943 5305 culorum
968 5252 1008 5303 vel
1031 5250 1198 5314 feminarum,
1222 5254 1254 5302 ut
1264 5252 1284 5282 ¹¹
1308 5265 1357 5317 per
1373 5253 1476 5303 tutores
1493 5249 1536 5302 sel
1554 5264 1631 5302 cura-

823 5323 894 5372 tores
912 5317 953 5371 vel
970 5324 1077 5371 actores
1094 5318 1136 5370 vel
1153 5322 1342 5385 procuratores
1351 5319 1372 5350 ¹³
1394 5332 1487 5370 eorum
1508 5322 1630 5386 agantur,

1187 5424 1252 5430 ---·
1277 5422 1391 5430 ...α-ι

821 5490 867 5548 (to)
884 5485 1028 5536 bominibus
1045 5488 1090 5538 ias.
1109 5486 1139 5548 P,
1162 5485 1276 5536 omuibus
1298 5487 1344 5537 isa.
1362 5485 1388 5538 L
1487 5488 1530 5547 (tt)
1547 5485 1584 5536 aie
1601 5482 1632 5547 P,

820 5552 1028 5687 {amancii
1093 5551 1342 5618 (vasatense
1406 5555 1451 5618 (ιι)
1469 5551 1509 5607 vel
1525 5554 1574 5605 aot⁴
1592 5547 1632 5603 vel

1398 5773 1428 5826 ib
