3832 6126
207 200 264 265 Ia

208 379 226 448 ἢ
256 386 302 435 καὶ
326 378 409 433 ἄλλως
440 374 620 445 &nostadi-stone
643 377 752 433 πόλεσιν
779 380 880 453 ἑτέραις
903 376 1020 443 ὑποτελῆ

212 458 221 503 1
259 454 353 503 ποιεῖν.
384 451 433 499 Τοῦ
449 446 494 499 δεΙΙ
511 446 584 518 παρὰ
600 450 686 499 ταῦτα
702 451 896 501 ποιοῖινειιςκαὶ
915 450 1019 501 ποιεῖνλ

209 520 374 589 πειρωμένου
399 512 414 581 ἢ
437 518 496 567 τῶν
519 514 567 579 ᾖδε)
585 514 799 568 άνανεωθεισῶν
816 511 1019 579 adiacebant

208 588 268 637 τῶν
289 582 483 636 πολισθένιων
507 580 600 634 τόπων
624 580 639 647 ἦ·
662 584 730 649 μετα
752 587 837 635 ταῦτα
859 582 939 646 τυχόν
955 578 1018 634 ἄνα-

210 655 361 719 νεουμένων
385 647 401 715 ἢ
424 649 610 715 κολαζομένων
634 650 665 701 τὸ
683 654 729 714 τῆς
747 648 897 713 insapiens
915 654 1018 703 ἐπισκυ-

210 722 260 783 πῖῑς
285 716 464 789 ἀφαιρεῖσθαι
489 717 595 769 δίκαιον
629 714 646 782 ἢ
676 716 740 768 atto
771 740 798 768 τι
824 717 1020 788 παραιρεῖσθαι

209 789 268 839 τῶν
284 782 548 856 παρασχεθεί·τιυνὴ
565 789 609 835 καὶ
626 788 911 855 παρασχεθιχσομείων
929 788 1020 835 abaetis

211 858 367 920 ποονομῖων
396 851 433 920 μὴ
464 850 549 920 μόνον
575 848 591 916 ἡ
623 856 782 921 ἐπιχείριμις
808 856 878 903 ἔστω
908 857 1020 920 ματαία,

210 906 276 973 alini
299 924 344 971 καὶ
367 918 446 971 αὐτὸς
469 916 484 971 ὁ
508 924 561 971 τοῖς
584 922 680 971 κοινῶς
704 926 748 969 καί
767 916 821 983 tien
839 917 1021 971 λυσιτελοῦσιν

211 984 314 1052 ε’κάστιρ
331 984 479 1053 μαχόμενος
496 983 645 1053 άτιμιυθεὶς
662 989 719 1038 τῶν
737 984 827 1038 όντων
837 982 1020 1061 pap-noiatim·

211 1058 269 1107 τῶν
275 1056 368 1107 αὐτῶν
378 1050 551 1123 κρατοόντιον
563 1058 708 1121 ἐπιτιμέων
721 1058 766 1103 καὶ
778 1074 847 1105 κατα
861 1056 909 1105 τοῦ
927 1052 1022 1105 κιιθῶς

213 1128 368 1195 προείρηται
395 1124 589 1193 ἐπιχειροῦντος
614 1126 659 1171 καὶ
683 1119 728 1172 διὰ
742 1120 879 1187 βασιλικός
897 1120 1022 1173 τοιοῦτόν

212 1198 228 1243 ‘l
262 1210 290 1241 τι
316 1190 446 1261 πράττειν
469 1186 685 1257 ‹iraenaei-orces.
732 1191 821 1238 Teisa
852 1160 882 1239 δέ
909 1190 1021 1258 γενικῶς

212 1252 386 1321 διατάξαντες
407 1260 452 1308 καὶ
475 1257 510 1307 εἰς
532 1258 598 1308 νοῦν
621 1253 756 1325 εἰληφότες
784 1255 834 1321 τὴν
856 1254 1022 1307 κατάστασιν

213 1326 272 1377 τῶν
288 1319 448 1405 ἁγιωτάτων
465 1321 611 1388 insinuator
626 1326 685 1375 τῶν
703 1322 879 1389 διακειμένων
901 1322 954 1375 nne
977 1320 1021 1373 Τό·

213 1413 262 1459 μιν
284 1408 329 1473 ‘erp
350 1392 409 1443 τῶν
426 1392 547 1443 Σκυθῶν
572 1394 698 1459 ἐπαρχίας
722 1395 766 1440 καὶ
789 1384 832 1442 ότι
848 1385 895 1441 αι’-κ
913 1394 1024 1460 ἐγχωρεῖ

213 1459 261 1511 aas
285 1456 365 1511 αυεόις
386 1453 536 1528 ἁγιωτάτας
567 1456 703 1523 ἐκκλησίας
733 1462 852 1522 συνεχέσι
874 1453 1023 1528 βαρβάρων

216 1524 371 1595 ἐπιδρομαῖς
393 1524 650 1592 καταβλαπιυμένας
669 1521 686 1589 ἢ
704 1529 748 1576 καὶ
765 1524 850 1577 ἄλλως
867 1543 925 1577 πως
942 1530 1024 1589 πενία

214 1592 335 1657 συζῶσας
352 1593 446 1664 ἑτέρως
463 1590 657 1657 διασώζεσθαι,
679 1594 703 1643 εἰ
719 1590 756 1657 μὴ
772 1590 818 1643 διὰ
834 1594 880 1657 τῆς
896 1594 944 1643 τοῦ
961 1594 1023 1643 θεο-

215 1658 306 1731 φιλοῦς
330 1657 476 1713 ἐπισκόπου
501 1658 616 1725 Τόμειυς,
638 1658 695 1725 ἥτις
718 1662 775 1711 ἐστὶ
799 1664 843 1711 καί
861 1659 1024 1710 nobiliacus

214 1724 384 1795 μητρόπολις,
401 1724 557 1797 τυγχάνοιεν
569 1728 747 1797 προμηθείας,
765 1727 934 1793 θεσπίζομεν
945 1722 1024 1787 όπεξ·

216 1794 355 1861 αιρεῖσθαι
377 1796 422 1865 τῆς
445 1792 579 1863 παρούσης
599 1794 677 1844 θείας
693 1795 858 1861 νομοθεσίας
874 1798 919 1845 καὶ
940 1792 1023 1860 μηδα-

215 1866 272 1929 μῶς
297 1858 377 1913 αι’·τιὶς
403 1857 558 1931 υπάγεσθαι
579 1862 612 1933 τῇ
628 1857 727 1926 ταότης
752 1857 867 1940 ἀνάγκη,
892 1856 950 1913 ἀλλ’
979 1864 1024 1913 ἐπὶ

216 1936 232 1982 3
266 1930 313 1979 τοῦ
330 1930 425 1979 σι’κειόυ
443 1924 574 1995 σχήματος
590 1932 689 1994 μένειν.
731 1933 811 1979 Κατα
827 1914 858 1979 δέ
874 1926 923 1979 τόν
941 1924 1025 1980 αὐτόν

216 1992 319 2067 τρόπον
337 1994 541 2066 όπεξαιρεῐσθαι
558 1998 616 2047 τῶν
633 1998 678 2049 ἐπέ
694 1998 742 2047 τοῦ
760 1992 894 2065 παρόντος
917 2015 1024 2063 νενομο-

216 2064 378 2131 τεθημένων
399 2059 555 2130 βουλόμεθα
578 2067 623 2113 καὶ
645 2062 697 2127 τὴν
714 2064 822 2133 ἔναγχος
846 2060 1026 2115 πολισθεῖσαν

216 2127 285 2184 κατὰ
307 2128 340 2182 τό
360 2125 489 2199 Ἰσαόρων
511 2132 593 2181 ἔθνος
615 2128 681 2197 πρὸς
702 2129 783 2197 τιμὴν
805 2134 850 2181 καὶ
873 2130 1026 2199 θεραπείαν

216 2200 265 2249 τοῦ
281 2194 431 2248 καλλινίκου
448 2193 580 2267 μάρτυρος
590 2193 716 2249 Κόνωνος
731 2194 819 2257 πόλιν,
836 2202 958 2249 τουτέστι
975 2196 1026 2261 τὴν

217 2262 460 2326 Λεοντοπσλιτῶν,
488 2259 559 2315 ῶστε
585 2269 628 2316 καὶ
654 2262 751 2327 αὑτήν,
781 2258 873 2335 ῶσπερ
898 2266 948 2316 νῦν
972 2268 1026 2329 ἔχει

218 2329 361 2397 σχήματος,
385 2328 522 2385 διαμένειν
539 2328 583 2382 διὰ
600 2332 633 2383 τό
653 2330 773 2392 (πολλῶν
790 2328 897 2402 σφόδρα
913 2330 1026 2401 φιλονει·

217 2400 375 2463 κριθέντων,
408 2382 461 2449 siae
493 2392 577 2461 eisin
601 2396 729 2467 προσῆκει
755 2394 914 2462 ἰδιαζόντως
938 2404 1027 2465 τυχεῖν

218 2460 378 2525 ἐπισκόπου,
404 2466 457 2516 εἴτε
479 2460 531 2517 ὑπό
553 2465 603 2529 τὴν
620 2464 752 2536 φροντίδα
768 2470 813 2517 καὶ
830 2464 962 2535 πρόνοιαν
978 2468 1026 2518 τοῦ

217 2529 430 2615 θεοριλεστάτου
447 2528 593 2601 ἐπισκόπου
610 2529 867 2604 τῆςἸσαυροπόλεως
881 2532 1026 2599 συντελεῖν)

218 2597 280 2651 detio
297 2600 367 2651 θαιἸ
389 2596 469 2652 πόλιν
485 2603 535 2665 μέν
556 2596 640 2663 αὐτὴν
657 2600 726 2651 εἶναι
743 2605 787 2652 καὶ
805 2603 863 2653 τῶν
880 2600 1027 2654 πολιτικῶν

217 2665 366 2719 άνείπῶς
389 2672 432 2717 καί
455 2670 490 2717 είς
508 2665 602 2737 πλῆρες
619 2664 765 2719 άπυλαόειν
783 2664 905 2732 δικαίων,
928 2667 980 2722 ὑπὸ
997 2666 1028 2719 δέ

218 2732 268 2813 rip
282 2732 418 2852 ίρροντίδα
433 2736 480 2785 τοῦ
489 2736 723 2802 μιιημοιέυθείτος
735 2732 882 2789 ἐπισκόπου
900 2733 944 2788 διὰ
959 2756 1026 2790 παν·

218 2819 263 2854 τος
300 2820 426 2853 ιαιιενειν.

252 2865 293 2925 36
311 2854 371 2929 ‹37›
390 2866 465 2921 Ιιίιυι
474 2869 506 2921 Α.
517 2866 677 2921 Sebastiano
690 2886 741 2939 pp.
769 2870 893 2923 labemus
909 2870 1026 2937 adscrip-

218 2937 340 2989 ticiorum
358 2934 504 2989 creationes
522 2935 667 2989 secundum
681 2944 795 2989 veterem
812 2937 1035 3002 constitutionem,

218 3003 270 3056 nisi
296 3002 460 3057 dominorum
486 3004 698 3070 possessionum,
729 3004 800 3057 unde
826 3004 930 3058 oriundi
956 3011 1026 3065 sunt,

220 3069 326 3125 evidens
351 3070 517 3123 concurrerit
538 3085 698 3133 consensus,
721 3071 819 3124 nullius
842 3072 947 3139 penitus
968 3086 1027 3124 esse

219 3138 358 3200 momenti,
383 3137 429 3189 sed
452 3136 536 3190 isdem
558 3136 702 3190 fundorum
720 3138 841 3200 dominis,
864 3139 910 3206 qui
927 3137 1026 3191 iacien-

220 3204 271 3257 dae
294 3204 422 3257 creationi
448 3220 502 3257 non
530 3203 600 3258 sicut
621 3204 720 3257 dietum
743 3210 784 3258 est
807 3205 940 3259 evidenter
963 3221 1027 3259 con·

220 3270 365 3333 senserint,
388 3270 429 3323 ius
452 3271 587 3337 proprium
610 3272 644 3323 nd
666 3272 862 3326 sanilitudinem
879 3279 1027 3327 ceterorum

221 3338 395 3391 colonorum*
411 3338 439 3390 in
453 3353 516 3391 suos
532 3337 715 3405 adscripticios
727 3339 873 3402 exercendi,
891 3347 1028 3407 tamquam

221 3406 244 3459 si
277 3406 351 3457 nulla
381 3404 480 3457 creatio
506 3405 710 3469 intercessisset,
747 3406 829 3460 tribui
863 3407 1026 3461 facultatem.

220 3472 341 3539 idemque
358 3472 409 3526 hoc
427 3486 508 3538 super
524 3470 578 3525 illis
595 3488 646 3539 quo
666 3489 699 3525 ue
715 3473 839 3540 agricolis
863 3473 1027 3528 decermmus

221 3538 364 3602 observari,
386 3538 432 3606 qui
449 3554 509 3591 cum
525 3545 614 3592 essent
631 3553 648 3591 a
682 3541 818 3607 cripticiae
834 3541 946 3595 neribus
963 3557 1027 3596 con-

234 3670 340 3679 „
506 3668 648 3675 -.——.—-

222 3748 255 3805 (1)
282 3736 315 3791 δέ
336 3742 417 3805 suppl.
443 3742 549 3797 Seboeli,
574 3760 618 3791 οιιι.
642 3740 741 3792 Νοιιιοο.
818 3742 852 3806 (t)
876 3744 963 3794 ποιεῖν
984 3744 1030 3794 det.

222 3814 257 3873 (b)
281 3803 409 3872 διδόχθαι
433 3808 532 3859 nlbmoc.
619 3807 652 3873 (l)
679 3808 711 3857 ad
741 3808 795 3857 sim.
821 3814 868 3859 eet.
898 3809 945 3859 col.
975 3812 1031 3861 dett.

223 3896 275 3927 earo
303 3877 417 3935 Graecis,
443 3895 487 3925 ουι.
515 3876 574 3926 libri
598 3878 675 3925 nostri
762 3876 796 3940 (b)
820 3878 948 3927 constricti
974 3880 1030 3929 dett.

223 3946 258 4008 (a)
275 3942 365 3993 soeiari
384 3962 429 3994 om.
445 3942 470 3993 lt
561 3941 594 4007 (t)
611 3942 682 4007 prius
700 3944 755 3994 edd.
774 3962 825 3993 cam
845 3945 955 4008 Graecis,
974 3962 1031 4011 pro-

230 4082 419 4091 ----—--...
425 4082 482 4090 ---..
493 4080 528 4089 ...-

229 4096 394 4105 .-.-.--..-..
417 4098 423 4103 .
501 4097 504 4101 -

224 4182 236 4230 1
273 4176 424 4233 aaronita
443 4174 612 4229 tributariam
628 4176 730 4243 faeere.
758 4172 811 4239 Qui
827 4178 1029 4248 contruserint

222 4243 264 4299 rel
280 4260 363 4298 essessa¹
376 4242 465 4321 sinerii
481 4243 537 4296 sire
553 4243 607 4294 iata
623 4242 761 4296 retineatis
781 4242 934 4299 civitatibus
950 4244 1028 4300 locis-

222 4328 275 4381 μου
297 4310 335 4365 ael
356 4310 474 4365 caitntis
496 4309 610 4379 μναιίιιιιι
630 4308 766 4379 promotis
786 4310 829 4363 vel
849 4311 878 4363 ia
902 4311 1029 4381 factatam

220 4380 298 4447 sorte
324 4376 488 4433 rereooaadt's
516 4376 558 4431 cel
574 4374 768 4447 prooaoteadis
785 4376 935 4447 penitioris
959 4381 1028 4450 epis-

223 4452 338 4515 copatus
360 4445 403 4499 ias
419 4444 537 4499 aditaere
561 4443 603 4497 eei
619 4442 695 4496 aliud
711 4442 778 4513 qaid
794 4444 906 4514 casare
918 4446 1030 4516 privile-

223 4512 329 4631 ρίοιυια
350 4530 421 4583 ιμιιιυ
443 4512 482 4565 eis
498 4510 637 4583 praestita
658 4517 723 4563 saat
743 4509 786 4565 eei
807 4512 886 4565 etiem
903 4521 1029 4583 praesto-

242 4586 331 4641 aatar,
349 4579 406 4632 eins
423 4595 478 4631 noa
494 4577 582 4633 solam
598 4577 707 4631 irritant
723 4578 760 4631 sit
775 4593 918 4643 oontemea,
939 4580 988 4634 sed
1003 4588 1031 4635 et

223 4645 290 4715 ipse,
307 4645 355 4715 qai
371 4645 530 4701 odrersatar
543 4645 578 4698 iis
595 4645 711 4715 quaein
728 4660 865 4699 cornmaae
882 4645 924 4701 eel
934 4648 1029 4717 prire-

225 4712 272 4765 tim
294 4711 415 4766 usitatas
437 4713 515 4767 atilio
535 4719 612 4775 sartt,
636 4728 696 4765 οαιιι
718 4712 835 4782 iosotaie
850 4712 1030 4791 facultatibus

223 4778 281 4832 sais
297 4788 423 4833 extortor.
452 4778 558 4833 eetedem
569 4795 679 4851 poenae
695 4779 805 4835 vacarat
820 4787 900 4834 ettam
915 4781 944 4834 ia
961 4800 1029 4847 eam,

224 4844 286 4915 qai,
310 4851 341 4898 at
362 4862 448 4915 ενγινε
465 4846 565 4899 etietam
582 4856 630 4911 est,
642 4863 698 4918 per
713 4846 853 4917 imperiale
869 4848 1030 4920 rescrtplam

225 4918 241 4966 2
256 4978 261 4990 Ι
277 4910 330 4989 tale
344 4910 517 4989 qaid-facere
531 4922 649 4968 cortetar.
676 4912 778 4979 Quibus
790 4915 952 4985 poenaliter
967 4931 1030 4970 ουκ-

224 4985 327 5033 stttates
343 4988 515 5032 resecantes
531 4980 569 5033 αιί
583 4988 684 5037 statam
698 4990 934 5037 sacrosanctarum
948 4983 1030 5039 ecele-

224 5046 327 5099 siarum
348 4996 397 5099 ειιό
417 5044 492 5098 Tomi
512 5046 541 5098 ia
559 5046 721 5118 Septimum
738 5050 884 5121 proconesio
901 5051 1030 5105 coratita-

227 5120 316 5167 taram
337 5120 364 5166 et
380 5112 460 5232 pand
482 5112 589 5167 eaedem
609 5122 801 5171 sacrosanctae
823 5116 950 5171 secanae
966 5134 1029 5172 eoa·

227 5180 309 5235 tinais
330 5178 380 5233 bor
397 5194 507 5232 aroraot
530 5180 727 5238 incursionibus
754 5192 871 5239 cereata:
899 5185 939 5237 nel
960 5186 1031 5239 alias

226 5251 346 5367 apostate
370 5245 497 5323 eripietne
521 5250 625 5303 serrari
646 5251 726 5305 aliter
747 5268 804 5305 ιιοιι
819 5259 952 5329 poseant,
978 5254 1031 5306 rasi

226 5314 237 5366 i
268 5314 322 5381 fiat
332 5312 508 5391 providentia
525 5312 596 5369 beati
611 5318 732 5390 episcopi
747 5318 846 5383 Tonas,
864 5334 934 5387 qaae
950 5320 1031 5373 etiam

228 5384 312 5453 capet
334 5386 424 5452 atara
439 5386 492 5445 cst,
516 5397 533 5433 a
556 5386 695 5449 praescmi
710 5402 791 5439 εαετιι
808 5384 833 5439 le
852 5402 867 5439 e
884 5401 931 5439 eas
946 5386 1031 5440 etitai

226 5447 363 5503 εωιοῖσιτιε
377 5462 464 5517 nequo
479 5446 536 5501 allo
550 5448 629 5501 ιιιοιίο
644 5450 669 5503 et'
681 5452 776 5517 witisi,
791 5470 822 5507 se
852 5452 881 5505 ia
893 5468 944 5507 sao
957 5460 1031 5507 stota

227 5520 243 5569 3
277 5530 391 5593 κροκι.
426 5511 529 5589 Eodem
550 5512 630 5590 qando
652 5516 686 5571 ao
706 5519 742 5573 iis
762 5536 834 5590 potae
849 5520 1032 5591 inpraesenti

226 5588 376 5639 mutata
391 5588 457 5636 sant
478 5596 561 5635 εαιιιιι
581 5579 703 5639 columae
718 5588 799 5643 etiam
819 5604 878 5643 eom
897 5587 1030 5645 civitatem

1017 190 1059 262 il

1637 208 1685 257 DE
1706 204 1877 255 semeonis

1072 374 1185 428 dicionis
1194 374 1339 443 conscripti
1345 376 1363 438 ⁵,
1376 374 1521 429 solitariam
1529 373 1610 428 dam
1619 372 1747 429 videlicet
1754 378 1880 444 appelar-

1073 452 1113 496 tes
1123 442 1286 507 quibuslibet
1299 460 1358 497 sese
1372 442 1538 497 nroaasteriis
1547 441 1819 497 auaavolunaam
1834 444 1880 501 do·

1074 515 1084 564 l
1105 510 1388 565 nerinorumt'nntlorum
1399 510 1691 565 eluxeriutoiierendos.
1709 508 1882 569 Senecam

1069 578 1185 633 εοοίιιείὓ
1209 578 1366 633 clericorum
1389 579 1530 633 consortiis
1551 578 1705 632 volentibus
1728 584 1882 647 quoquest

1070 646 1299 701 consentientibus
1325 647 1438 699 dominis
1457 646 1540 699 snodis
1558 645 1683 699 omnibns
1699 646 1882 713 prohibemns,

1071 728 1132 767 cum
1157 714 1237 768 beent
1253 730 1345 767 eorum
1363 714 1483 769 densitas.
1504 713 1567 765 date
1583 712 1668 767 servis
1685 712 1780 781 ρείιιετ
1802 713 1881 770 liban

1069 788 1126 835 tate
1142 781 1245 836 licitum
1267 782 1306 835 eis
1329 781 1365 835 ad
1386 779 1569 849 suscipiendos
1587 780 1705 835 bonores
1723 780 1883 839 clericorum

1070 858 1086 903 ‘t
1121 852 1184 917 iter,
1208 852 1231 903 si
1253 851 1304 903 boe
1321 850 1463 913 voluerint,
1481 850 1593 927 aperim
1628 856 1727 903 tlmnes
1744 856 1885 929 praetant

1070 920 1185 971 virorum
1207 917 1412 971 clarissimorum
1434 917 1584 985 1aovrnciae
1608 918 1806 971 moderannum
1824 932 1883 971 sen·

1070 987 1160 1039 tentiis
1184 987 1284 1051 absque
1306 984 1362 1037 ulla
1385 984 1515 1052 privilegii
1535 983 1685 1037 ditl'erentia
1711 985 1770 1052 tqrd
1795 992 1885 1039 ῐεωοιι

1071 1052 1213 1121 praesidali
1230 1052 1406 1105 iurisdietioni
1424 1052 1536 1104 subiecti
1554 1060 1625 1111 sunt,
1643 1052 1699 1105 sivo
1713 1051 1836 1121 episcopi
1844 1050 1885 1105 sel

1090 1121 1181 1174 uilibet
1204 1120 1292 1173 elerici
1315 1125 1362 1171 taut
1383 1119 1507 1171 rarornaehi
1523 1124 1571 1171 aut
1587 1119 1732 1173 cuiuslibet
1749 1120 1805 1172 sint
1822 1134 1884 1173 con·

1071 1140 1193 1252 ilicianis)
1224 1186 1324 1255 pariter
1355 1186 1516 1253 respondere
1542 1186 1724 1239 deceruimus:
1758 1186 1834 1239 naa
1857 1186 1886 1241 in

1083 1259 1207 1307 rosteram
1219 1254 1279 1307 siris
1299 1254 1450 1307 elsteissirnis
1468 1252 1664 1320 provinciarum
1682 1255 1835 1307 rectoribus
1852 1252 1885 1307 ad

1082 1340 1144 1379 oea.
1167 1323 1194 1373 ia
1218 1322 1314 1388 quibas
1336 1322 1473 1374 incusatae
1494 1336 1624 1387 lamense
1642 1321 1806 1385 consistunt,
1826 1334 1885 1389 per·

1072 1389 1191 1442 nutriendi
1218 1388 1376 1442 necessitate
1402 1388 1508 1455 penitus
1538 1388 1711 1455 imponenda,
1745 1404 1808 1441 cum
1834 1404 1886 1441 noa

1073 1458 1157 1510 solam
1184 1456 1300 1522 lesaibns.
1326 1472 1416 1509 serum
1446 1456 1525 1509 etium
1551 1456 1666 1509 naturali
1698 1472 1811 1535 qnoque
1836 1454 1886 1509 iuri

1073 1522 1220 1583 conveniat,
1239 1540 1305 1590 «petes
1323 1540 1365 1576 res
1383 1523 1508 1589 exegerit,
1526 1522 1693 1577 iudicialibus
1712 1524 1748 1576 ad
1759 1522 1885 1577 rudleium

1074 1592 1162 1643 securi
1179 1591 1324 1649 sententiis,
1348 1608 1402 1643 nun
1420 1591 1492 1658 ipsos
1510 1589 1626 1651 iudices,
1644 1590 1716 1657 quod
1736 1590 1793 1645 diei
1809 1590 1886 1645 mam

1073 1658 1199 1711 iniustum
1217 1664 1268 1719 est,
1292 1658 1327 1710 ad
1345 1658 1479 1712 subiectos
1496 1656 1599 1719 deduci,
1623 1657 1672 1711 aa
1689 1674 1739 1725 per
1756 1658 1836 1712 datos
1853 1658 1887 1711 alt

1073 1726 1114 1779 lris
1140 1726 1241 1778 iudices
1268 1740 1366 1778 causae
1388 1724 1609 1778 examinationem
1632 1725 1660 1778 in
1684 1726 1752 1779 locis
1776 1726 1826 1779 ubi
1848 1724 1886 1778 ia-

1074 1794 1159 1847 cusati
1177 1793 1275 1859 degunt
1291 1792 1443 1860 procedere.
1479 1791 1512 1845 n,
1536 1806 1554 1844 ν
1567 1790 1593 1845 lc.
1612 1792 1715 1863 Apate*
1735 1791 1886 1846 Corestmai-

1074 1878 1109 1913 ιιο
1120 1860 1169 1913 ιοίί
1188 1860 1354 1931 Τίιιοιίυιίευ
1372 1876 1445 1913 eoas.
1768 1861 1808 1937 [a.
1826 1858 1885 1927 set]

1106 1880 1147 1984 θλ
1166 1924 1228 1989 ata)
1246 1926 1321 1981 idem
1335 1927 1366 1981 ,λ
1384 1925 1545 1982 Sebastiano
1560 1945 1609 1997 pp.
1644 1926 1744 1987 Servis,
1763 1944 1787 1981 ει
1806 1926 1885 1980 domi-

1074 2011 1167 2048 norum
1185 1995 1430 2048 fuerintvoluutate
1444 1995 1546 2058 muniti,
1564 1994 1711 2049 scitariam
1727 1996 1812 2047 sitnm
1829 2010 1884 2063 par-

1074 2061 1202 2130 ticipandi
1225 2061 1332 2114 licentia
1355 2078 1409 2115 non
1430 2061 1588 2129 denegetis,
1606 2062 1669 2116 dum
1686 2072 1778 2115 tannen
1797 2076 1885 2116 eoram

1075 2129 1237 2182 domininon
1252 2129 1380 2194 ignorent.
1399 2128 1478 2193 quod,
1496 2131 1520 2182 si
1528 2130 1611 2183 servis
1629 2129 1685 2183 suis
1701 2130 1738 2182 ad
1753 2134 1885 2184 menaea·

1075 2197 1175 2250 riorum
1193 2195 1292 2249 cultum
1307 2196 1435 2262 migrandi
1452 2196 1595 2250 tribuerint
1606 2196 1772 2259 facultatem,
1791 2212 1884 2251 curun·

1076 2264 1135 2317 dem
1157 2279 1292 2317 serrorum
1313 2263 1437 2319 dominio.
1461 2264 1546 2317 donec
1569 2264 1638 2318 idem
1661 2265 1732 2317 servi
1748 2265 1777 2317 in
1795 2264 1884 2319 codun

1076 2331 1263 2384 monachorum
1280 2332 1373 2384 habitu
1396 2331 1557 2389 duraverint.
1580 2331 1745 2401 spoliandos:
1769 2332 1912 2399 alioquin.

1076 2399 1099 2452 si
1121 2398 1215 2451 relicto
1236 2398 1306 2452 forte
1328 2399 1383 2451 vita
1405 2398 1525 2452 solitaria
1548 2398 1582 2452 ad
1605 2398 1685 2452 eliam
1701 2415 1732 2453 se
1751 2398 1884 2455 condicio·

1076 2480 1135 2519 nem
1144 2466 1337 2529 transtulerint,
1356 2472 1458 2518 certum
1474 2474 1516 2519 est
1531 2482 1576 2521 eos
1591 2466 1626 2520 ad
1640 2466 1777 2521 servitutis
1789 2466 1884 2535 iugum,

1077 2548 1156 2601 quam
1172 2534 1342 2586 monachicae
1359 2532 1533 2600 professionis
1550 2535 1623 2587 cultu
1637 2540 1787 2599 nommant,
1799 2548 1882 2589 rerer-

1076 2615 1162 2655 suros.
1197 2600 1231 2654 n.
1248 2600 1284 2653 iel.
1303 2600 1389 2671 April.
1410 2599 1577 2655 Theoderico
1594 2617 1667 2655 eota.
1767 2602 1806 2671 [a.
1824 2600 1883 2671 484]

1110 2663 1149 2725 38
1169 2663 1230 2731 (39)
1247 2666 1294 2721 οΟἱ
1315 2666 1350 2720 τά
1371 2665 1428 2745 idat
1449 2668 1617 2739 μονασοιξρια
1638 2666 1884 2736 καταλιμπάνοντες

1142 2729 1173 2787 οὗ
1190 2732 1373 2803 λαμβάνουσιν
1393 2732 1411 2787 ἆ
1427 2734 1599 2805 προσήγαγον
1607 2734 1696 2788 αὐτοῖς
1712 2735 1812 2801 κινητὰ
1825 2730 1883 2803 δοες

1143 2799 1245 2867 δήποτε
1260 2799 1409 2868 ποσότητος
1425 2800 1504 2863 ὄντα,
1531 2802 1581 2854 ada
1602 2800 1638 2869 μὴ
1660 2808 1776 2869 συνίστη
1792 2804 1883 2875 πρᾶξις

1078 2875 1090 2922 l
1142 2864 1346 2938 ὑπομνημάτων
1369 2866 1414 2923 ἐπ’
1440 2866 1537 2924 αὐτοῖς,
1575 2866 1636 2923 Ἐπὶ
1653 2868 1884 2943 transtinanis

1143 2938 1202 2989 τῶν
1223 2932 1359 3003 ἇκινῖχτων
1381 2934 1424 2988 δεῖ
1442 2935 1477 2989 τά
1494 2935 1596 3007 νόμιμα
1612 2934 1812 3007 φυλάττεσθαι,
1829 2940 1883 2991 ἐπεῖ

1144 3000 1190 3055 oia
1207 2998 1356 3075 ἀναιρεῖται
1372 3006 1413 3069 τῷ
1431 3001 1615 3075 δωρησαμένῳ
1633 3002 1649 3069 ἡ
1666 3008 1807 3071 exrema.

1077 3075 1091 3123 ‘l
1127 3076 1182 3122 Καὶ
1198 3074 1278 3124 τοῦτο
1295 3069 1326 3123 δέ
1341 3072 1518 3138 θεσπίζομεν,
1541 3067 1612 3125 ὥστε
1625 3069 1733 3155 μηδένα
1749 3075 1809 3126 τῶν
1825 3072 1882 3127 θεο·

1077 3135 1248 3209 palentinae
1264 3136 1422 3193 ἐπισκόπων
1443 3136 1461 3205 ἢ
1481 3135 1731 3210 χωρεπιοκοπωνῆ
1752 3140 1881 3213 περιοῦσιν

1076 3208 1135 3258 τῶν
1160 3202 1177 3272 ἢ
1201 3205 1336 3277 κληρικῶν
1360 3204 1474 3259 ἄκοντας
1500 3206 1561 3259 τοὺς
1586 3204 1691 3259 λαἰῖιοός
1715 3206 1882 3262 συνελαύνειν

1077 3272 1143 3343 πρὸς
1165 3272 1216 3339 τὴν
1237 3276 1296 3327 τῶν
1317 3277 1512 3345 καρποφοριών
1533 3276 1592 3327 τῶν
1614 3277 1645 3328 ἐν
1661 3278 1716 3328 τοῖς
1732 3273 1826 3331 τόποις
1841 3296 1881 3329 κο·

1077 3339 1214 3407 λουμίνων
1230 3337 1361 3412 ἀπαρχῶν
1377 3340 1436 3408 ἢτοι
1453 3344 1619 3425 προσρορῶν
1635 3344 1738 3395 ἔκτισιν
1752 3338 1845 3415 ῶσπερ
1856 3364 1882 3397 τι

1076 3406 1151 3460 τίλας
1175 3410 1262 3461 ταῦτα
1286 3406 1498 3475 μεθοδεόοντας,
1524 3430 1541 3475 η
1563 3412 1608 3461 καὶ
1629 3414 1756 3483 γεωργοῖς
1774 3415 1834 3479 μέν,
1854 3412 1882 3463 b

1076 3471 1165 3541 κλήρῳ
1191 3473 1221 3529 δέ
1245 3475 1477 3548 καταλεγομένως,
1501 3482 1546 3529 καὶ
1571 3473 1690 3545 μάλιστα
1712 3481 1835 3543 ἐκείνοις,
1857 3476 1883 3531 οῖ

1075 3524 1141 3610 μηδ’
1165 3538 1218 3595 ὑπὸ
1240 3540 1401 3597 δεσποτείαν
1422 3546 1492 3597 εἰσὶν
1515 3540 1607 3598 αὐτῶν
1629 3547 1689 3599 τῶν
1710 3541 1881 3619 &anasthasi-

1364 3674 1434 3682 —..

1313 3746 1349 3809 (s)
1371 3749 1407 3797 eie
1430 3748 1459 3809 P,
1483 3748 1533 3798 ian.
1557 3750 1667 3801 Pitheci:
1691 3753 1724 3817 ej:
1741 3752 1804 3803 dien
1819 3770 1842 3803 c.
1856 3762 1880 3805 tt

1082 3812 1118 3931 §3
1131 3820 1244 3932 etc-'offitii
1261 3826 1308 3865 ..6
1327 3826 1409 3866 αείαιιί
1427 3818 1451 3866 ia
1470 3815 1585 3867 Noraoc:
1602 3819 1694 3869 indices
1708 3838 1749 3885 pr.
1768 3825 1781 3878 ί
1799 3830 1810 3871 t
1828 3820 1883 3871 dedi

1080 3744 1143 3808 priis
1169 3746 1227 3797 libri

1659 4090 1730 4099 —-
1741 4092 1881 4100 ——··--—.-·

1207 4101 1357 4110 --ιι----..4Ι
1717 4106 1881 4113 -..η-*Η-

1077 4198 1146 4249 qaae
1163 4198 1250 4253 saper
1267 4183 1295 4235 ia
1314 4182 1473 4239 Isaraoram
1489 4184 1624 4256 penitenti
1640 4186 1757 4240 caeteris
1787 4186 1881 4241 radam

1075 4255 1205 4319 μνοοεαία
1229 4260 1269 4304 est
1291 4250 1320 4303 ia
1341 4250 1471 4307 ίιυιωιυυι
1493 4252 1744 4323 venerationemque
1803 4254 1881 4308 noeis

1077 4316 1125 4392 qai
1138 4315 1266 4434 [ploriose
1286 4320 1448 4389 martyriam
1467 4320 1609 4387 sasnaedt,
1632 4320 1880 4392 lemttopolitmaos

1078 4382 1213 4447 ardescet,
1238 4392 1267 4437 at
1289 4392 1315 4439 et
1336 4387 1397 4457 ι’μειι
1419 4404 1497 4457 quem
1519 4404 1591 4441 ηυιιο
1607 4386 1688 4443 babet
1703 4394 1802 4443 atatam
1818 4388 1880 4445 reti·

1078 4458 1141 4527 oleat
1157 4466 1197 4515 eo,
1221 4452 1296 4528 paracl
1311 4454 1388 4519 (ιιιιιιι
1408 4455 1485 4509 eelde
1502 4462 1635 4510 certatam
1651 4462 1701 4519 est,
1723 4472 1786 4509 ιιιιυι
1796 4472 1880 4527 pecu-

1079 4516 1172 4571 barem
1198 4535 1288 4589 epeseo
1310 4537 1352 4573 ιυιι
1379 4520 1476 4577 trabere
1502 4520 1610 4583 debeat,
1637 4539 1673 4575 aa
1697 4522 1746 4575 stri
1768 4538 1836 4577 cara
1855 4528 1881 4577 cl

1073 4584 1233 4661 provisione
1248 4603 1279 4640 re
1289 4588 1444 4657 ipiosissirai
1460 4590 1581 4661 episcopi
1592 4588 1805 4661 Isoaropoliteoi
1818 4606 1880 4645 οοιι-

1078 4654 1188 4718 sistere)
1205 4652 1300 4707 ciuitas
1316 4654 1423 4724 paridem
1440 4673 1498 4711 esse
1518 4656 1642 4713 tidenter
1658 4666 1685 4711 et
1696 4656 1807 4729 publico
1823 4658 1880 4713 intre

1077 4726 1208 4789 perpetuo
1229 4730 1256 4773 et
1277 4721 1358 4791 pleae
1378 4724 1507 4791 senaar,
1533 4732 1643 4781 υιακοατ
1663 4730 1751 4779 eatam
1773 4724 1878 4779 οιιιιιίιιο

1078 4784 1127 4837 sab
1145 4801 1211 4839 earo
1228 4790 1368 4843 υιυιιιοιιιίί
1384 4791 1512 4863 episcopi.

1112 4846 1152 4931 38
1164 4852 1222 4930 ιἐλαί
1244 4858 1409 4912 υιωιαείειία
1425 4876 1476 4913 sata
1493 4858 1657 4930 reliaqaaat,
1678 4874 1733 4912 aon
1749 4857 1878 4931 recapitari

1079 4918 1187 4973 mobrlta
1204 4937 1274 4999 qaae
1289 4923 1324 4977 iis
1340 4925 1501 4991 iataleraat,
1519 4928 1707 4997 oaiaseaatqae
1722 4926 1880 4997 ρυαιιιίίοαε

1078 4993 1154 5049 seat,
1186 4990 1293 5067 etiamsi
1316 5002 1393 5061 peste
1419 4994 1452 5049 tie
1477 4994 1512 5047 iis
1538 4996 1665 5063 consecto
1689 5010 1744 5049 aoa
1762 4994 1877 5115 {wint

1082 5058 1092 5105 1
1129 5050 1164 5107 Ia
1186 5055 1356 5111 rrraaobtliaon
1380 5072 1468 5139 astetens
1489 5061 1636 5141 dortatioae
1656 5062 1718 5115 iare
1745 5060 1879 5140 offerenti

1080 5126 1297 5245 ἕλθθλλλλ
1312 5138 1456 5261 §tritt
1479 5126 1877 5251 illitteratura

1080 5255 1270 5333 episcopcrum
1295 5260 1337 5314 eei
1362 5261 1617 5335 eborept’seoporam
1642 5280 1673 5320 ee
1712 5262 1877 5318 visitotoraat

1080 5322 1121 5375 cel
1137 5322 1293 5377 eleneorara
1311 5326 1396 5383 laicos
1412 5332 1512 5386 iraitos
1528 5330 1672 5403 conpellet
1692 5329 1729 5385 ad
1743 5328 1878 5385 ίιιίείοιιεει

1075 5395 1259 5459 prenestinam
1280 5395 1326 5461 qai
1348 5397 1377 5449 ia
1396 5399 1540 5467 prooiaeia
1552 5399 1693 5471 primitiae
1715 5396 1878 5453 selmum

1080 5462 1220 5534 coemeter,
1244 5476 1313 5528 qaae
1329 5464 1400 5518 atta
1418 5466 1532 5546 υεειίμοί
1552 5468 1676 5537 enipaat,
1697 5464 1739 5521 ael
1752 5462 1878 5536 apricolis

1078 5524 1231 5604 topiorum
1242 5530 1355 5605 receptis
1371 5541 1399 5587 et
1414 5550 1533 5589 ικατιαισ
1548 5534 1612 5599 illis,
1635 5530 1683 5605 qai
1697 5550 1753 5588 noa
1767 5530 1816 5587 snt
1831 5530 1878 5586 tlo-

1079 5608 1162 5649 ιιιιιιιο
1179 5591 1439 5663 anteponebant-aa
1463 5601 1652 5673 episcopcrum
1670 5598 1711 5657 etl
1725 5614 1876 5655 εαποιαιιε·
