3832 6126
100 297 123 344 ts
144 295 360 344 saturemus
728 268 788 345 til
1406 273 1450 343 Vl
1468 280 1518 346 tt.
1541 278 1582 347 ts

100 464 172 517 erre*
201 463 381 530 temptaverit,
410 461 491 515 etiam
513 459 663 527 puniendus
680 464 730 514 est.
783 460 885 516 dcam
901 460 1025 515 libertate
1043 459 1200 515 substitutio
1217 461 1322 525 fuisset,
1347 463 1398 516 hoc
1420 461 1584 518 inducebant

100 530 204 586 atrito
227 531 330 598 pupillo
352 529 432 594 liber,
458 528 521 596 quia
544 533 658 582 testatm
680 528 731 583 hoc
783 535 913 596 quatenus
935 529 965 583 in
985 544 1117 596 suspenso
1141 528 1188 582 fiat
1210 529 1318 584 libertas
1341 539 1368 585 et
1386 531 1527 586 statuliber
1543 533 1584 585 in·

100 605 193 652 nonno
210 597 313 667 pupillo
332 597 499 652 necessarius
516 595 606 658 beros,
624 595 688 674 quia
704 601 732 650 et
782 597 936 664 tellegmur,
959 596 998 650 ita
1021 600 1048 650 et
1071 611 1104 650 ex
1127 604 1219 651 nostra
1242 598 1461 668 interpretatione
1484 606 1511 651 et
1528 600 1586 654 sine

100 683 107 718 .·
124 666 215 719 uoluit.
250 665 283 719 D.
304 678 347 719 rr
365 663 391 718 lr.
411 664 474 718 lieo.
495 663 732 734 Constantinopoli
782 664 932 719 adiecdme
948 663 1081 718 libertatis
1098 665 1126 718 iu
1143 665 1332 720 substitutione
1344 673 1372 720 et
1385 667 1453 720 liber
1467 673 1495 721 et
1508 665 1585 722 heres

100 744 124 788 rt
142 737 236 788 Oreste
254 751 292 788 vo.
311 750 348 786 oc.
367 749 454 786 conss.
617 737 650 795 [a.
670 735 729 794 530]
781 733 884 801 pupillo
902 732 1008 786 mittat.
1044 731 1163 786 D.11ls.
1182 731 1248 786 Mai.
1268 731 1502 805 Constantinopoli
1518 743 1586 805 post

117 804 148 854 A.
173 800 293 854 iohanni
312 819 362 872 pp.
405 798 535 867 Quidam,
567 815 626 852 cum
648 803 732 852 testa
784 800 954 854 commatrum
1058 799 1115 853 adii
1131 810 1159 855 et
1177 799 1279 856 Orestis
1296 818 1335 856 aa.
1353 817 1390 855 oo.
1474 807 1507 866 [a.
1526 807 1584 866 531]

100 868 205 933 ndoret,
231 868 337 922 duobus
358 868 501 922 heredibus
524 866 631 933 scriptis
650 882 732 919 unum
817 863 930 923 bidem
947 870 978 938 A.
999 865 1031 920 lo
1050 869 1117 920 aurii
1129 885 1179 939 pp.
1210 867 1354 923 Decisione
1370 871 1489 934 nostra⁷,
1506 886 1587 938 quarn

100 937 307 1004 parteinstituit,
325 951 430 990 servum
444 942 534 989 autem
550 951 636 1002 suum,
655 933 732 988 culus
782 933 893 988 fecimus
919 934 1069 989 sancientes
1094 951 1168 998 eum,
1203 936 1249 1004 qui
1273 952 1291 989 a
1317 936 1422 991 domino
1454 953 1503 992 suo
1530 937 1587 991 sine

100 1004 216 1066 addidit,
242 1019 275 1056 ex
302 1004 404 1071 reliqua
426 1007 502 1070 parte
528 1003 586 1055 sine
608 1000 733 1057 libertato
782 1002 905 1056 libertate
930 1001 1007 1056 heres
1032 1003 1192 1067 instituitur,
1224 1002 1307 1058 viderl
1334 1005 1484 1058 libertatem
1509 1021 1586 1059 acoe-

100 1072 175 1125 edem
193 1079 220 1123 et
236 1075 331 1140 postea
349 1068 462 1125 eundern
480 1085 584 1123 aarum
599 1069 645 1122 alii
659 1069 730 1136 lega·
782 1069 867 1137 pisse,
897 1069 925 1123 in
949 1069 1059 1139 propria
1084 1070 1209 1124 firmitate
1236 1071 1361 1135 durante,
1393 1073 1417 1126 si
1442 1073 1501 1152 qnia
1531 1088 1586 1127 ser-

100 1144 121 1191 st
137 1139 333 1193 institutionem
350 1136 454 1190 heredis
472 1153 577 1191 servum
592 1152 643 1216 per
659 1137 731 1205 legs·
782 1153 843 1191 sum
869 1153 946 1190 snum
975 1153 1042 1206 pure
1067 1138 1172 1209 quidem
1201 1139 1325 1193 heredem
1350 1139 1480 1204 institunt,
1505 1140 1585 1199 liber·

100 1206 212 1274 sigrsarit
228 1213 255 1259 et
271 1213 335 1259 tunc
352 1204 475 1259 heredem
498 1221 558 1258 eurn
577 1219 634 1257 sine
651 1205 730 1260 liber·
781 1210 863 1259 tatem
885 1209 976 1258 autent
999 1206 1049 1258 sub
1072 1205 1230 1260 medicinae
1247 1206 1272 1260 ei
1290 1205 1409 1270 donarit,
1436 1208 1459 1262 si
1482 1208 1587 1276 quidem

101 1283 126 1327 t:
145 1280 172 1328 et
189 1274 376 1333 dubitabatur,
402 1273 425 1326 si
446 1271 599 1326 huiusmodi
615 1272 732 1340 legatum
783 1272 904 1327 condicio
930 1273 992 1328 talis
1018 1273 1067 1336 sit,
1096 1288 1165 1341 quae
1190 1274 1218 1327 in
1245 1277 1379 1342 potestate
1405 1275 1473 1328 servi
1498 1275 1588 1345 posita

100 1359 116 1394 o
140 1341 244 1408 aliquas
262 1341 331 1394 sires
356 1345 445 1408 potest
462 1340 561 1394 habere
578 1346 605 1393 et
623 1341 666 1393 cui
683 1339 730 1392 ad·
782 1343 837 1393 est:
856 1339 901 1393 ille
917 1346 1006 1394 auum
1023 1355 1081 1394 eam
1098 1341 1244 1409 neglexerit
1261 1341 1419 1410 minimeque
1439 1344 1586 1411 complere·

99 1409 214 1476 legatum
224 1409 264 1462 vel
278 1408 420 1462 institutio.
444 1407 627 1462 Dubitationis
642 1412 731 1460 autem
781 1408 825 1470 rit,
843 1415 871 1461 et
888 1407 1012 1462 libertate
1029 1424 1089 1462 eum
1106 1416 1133 1462 et
1150 1409 1297 1463 hmeditate
1314 1425 1364 1463 sua
1384 1410 1463 1478 culpa
1480 1411 1586 1464 detran-

100 1485 124 1540 t,
142 1477 213 1544 qnod
231 1475 320 1530 adhuc
338 1492 443 1530 servum
460 1491 538 1528 suum
556 1474 731 1529 constitutum
783 1475 849 1529 dari.
876 1475 1024 1529 sinautem
1042 1476 1159 1530 manalis
1175 1480 1216 1530 est
1230 1476 1352 1531 condicio
1368 1482 1397 1531 et
1414 1494 1447 1531 ex
1464 1477 1588 1533 iomunae

100 1561 129 1598 ne
147 1544 270 1598 libertate
287 1545 444 1611 scripserat,
464 1547 492 1597 et
508 1547 588 1596 tanta
602 1542 671 1595 inter
687 1557 731 1596 ve·
782 1542 886 1597 insidiis
903 1542 1037 1608 desuerit,
1056 1551 1122 1597 tunc
1139 1543 1311 1597 humanitatis
1326 1545 1424 1598 intuitu
1437 1545 1587 1600 libertatern

100 1630 107 1663 t
124 1617 167 1666 est
184 1613 327 1675 contentio,
345 1619 376 1665 nt
393 1611 436 1664 rix
453 1610 582 1679 possibile
599 1611 634 1664 sit
648 1609 732 1663 rideri
782 1611 888 1693 quidem
905 1610 930 1664 ei
947 1611 1096 1666 omnimodo
1115 1619 1278 1679 competere,
1300 1611 1471 1668 hereditatem
1489 1621 1586 1679 anum,

113 1680 243 1733 decidere.
271 1680 324 1733 Sed
339 1679 524 1747 antiquitatem
542 1678 646 1745 quidem
665 1677 731 1732 haec
782 1694 807 1734 st
827 1677 934 1746 quidem
956 1679 1081 1734 solvendo
1104 1679 1152 1743 sit,
1175 1679 1211 1733 ad
1230 1679 1298 1735 ahos
1315 1680 1414 1746 venire,
1431 1696 1499 1750 quos
1515 1681 1587 1749 leges

121 1747 322 1816 relinquendum
347 1754 396 1800 est.
444 1746 522 1800 nobis
548 1755 637 1799 autem
664 1745 732 1799 alius
782 1746 926 1811 rombant,
957 1745 981 1800 si
1009 1763 1063 1800 non
1089 1747 1184 1826 aliquis
1209 1746 1306 1801 luisset
1331 1749 1500 1804 substitutus.
1546 1750 1587 1804 siu

102 1815 186 1868 smodi
204 1815 345 1868 decisionis
363 1815 486 1868 inventus
505 1821 558 1877 eat,
582 1814 645 1881 quia
662 1829 731 1866 sem·
782 1821 872 1868 autem
889 1813 1014 1868 solvendo
1037 1831 1092 1868 non
1115 1819 1162 1881 stt,
1187 1818 1217 1868 ut
1239 1816 1406 1871 necessarius
1428 1816 1504 1872 berea
1522 1833 1588 1872 con·

100 1883 148 1961 giu
164 1883 308 1937 voluntatis
324 1883 458 1951 sequimur
472 1886 638 1936 testatorum
665 1880 732 1934 (lum
783 1881 892 1935 stitutus
910 1881 987 1935 simul
1004 1889 1032 1936 et
1048 1881 1198 1936 libertatern
1216 1890 1243 1937 et
1263 1883 1436 1938 hereditatem
1458 1885 1586 1940 obtineat

100 1967 175 2003 timus
197 1967 214 2002 a
236 1958 328 2003 nosno
346 1951 419 2002 iure⁸
440 1948 492 2002 hoc
510 1965 568 2003 esse
586 1948 731 2013 inductum,
782 1952 848 2003 tuuc
871 1949 940 2003 enirn
963 1949 1109 2004 secundum
1128 1949 1305 2004 definitionem
1322 1955 1377 2005 tam
1394 1952 1490 2006 setena
1507 1968 1587 2021 quam

100 2032 203 2071 servum
220 2034 298 2072 suum
316 2025 432 2071 tutorem
449 2016 510 2069 tiliis
526 2018 582 2070 suis
596 2016 733 2084 reliquerit
783 2021 890 2071 nostrae
913 2016 1056 2071 decisionis
1079 2021 1107 2071 et
1126 2017 1193 2072 liber
1212 2022 1240 2072 et
1256 2018 1333 2074 beree
1350 2019 1448 2074 exista
1463 2035 1588 2076 necessa·

100 2095 135 2147 te,
158 2100 191 2138 er
213 2085 273 2166 ipsa
294 2086 394 2139 tutelae
416 2084 524 2138 datione
545 2088 732 2152 praesumatur
783 2084 847 2139 rius.
887 2083 920 2138 D.
941 2090 983 2138 ιι·
1009 2085 1036 2140 ls.
1055 2086 1123 2139 Aa.
1149 2084 1385 2157 Constantinopoli
1402 2094 1471 2159 post
1492 2105 1588 2143 ommu-

100 2160 179 2205 tatem
206 2168 230 2206 cr
256 2153 348 2206 farore
376 2151 538 2220 pupillorum
564 2151 733 2219 imposuisse,
783 2152 868 2209 tanos
886 2151 1030 2223 lampadii
1046 2160 1073 2208 ct
1130 2154 1195 2208 estis
1212 2170 1250 2209 vn.
1269 2170 1307 2208 cc.
1475 2160 1510 2221 [a.
1528 2159 1587 2221 53¹]

106 2221 157 2273 hoc
181 2225 209 2273 et
231 2220 259 2273 in
277 2219 424 2274 hereditate
443 2225 471 2272 et
488 2219 629 2273 humanius
646 2223 675 2272 et
690 2217 731 2273 ia·

100 2288 144 2340 stis
161 2287 323 2351 inducimus,
348 2291 391 2351 ut,
415 2288 438 2341 si
456 2288 515 2356 quis
533 2302 636 2340 servunt
654 2302 733 2341 suum

100 2355 210 2408 teredem
238 2355 296 2409 siue
322 2356 458 2418 libertate,
487 2354 637 2408 omnimodo
668 2353 732 2407 ciuis
1114 2360 1262 2420 xxv111‚⁰

101 2439 133 2475 ¹¹³
158 2422 311 2542 efficitlgfl
352 2423 416 2543 0¹¹ss
437 2422 547 2477 moneto
573 2437 663 2541 nequet
679 2420 731 2501 'aa
783 2456 830 2507 nn
847 2455 984 2507 asanais
1005 2458 1231 2509 runnrnarrrs
1248 2459 1317 2510 vnn
1335 2459 1587 2514 ammanus.

100 2506 140 2612 lullae
156 2497 390 2611 lpffimehrffitpe
405 2497 577 2637 &sattellites
591 2502 732 2610 1ιιέξέιιῖιοιῗιι
818 2555 831 2612 1
855 2553 943 2628 Impp.
960 2555 1075 2612 Severus
1091 2564 1118 2611 ct
1131 2558 1286 2614 Antoninus
1303 2561 1385 2615 AA.¹⁰
1401 2559 1494 2615 Fabio.
1522 2561 1588 2616 Cam

100 2623 732 2747 lttt⁸ttttt.ttt.⁸tt¹ttattitttt
783 2624 1589 2762 t⁰⁸tnttfflattl⁰tttttt¹ltitttttltt

114 2761 228 2827 legatum
247 2760 359 2815 eundem
377 2776 481 2814 serrum
500 2760 648 2826 adsignent.
680 2757 732 2813 Sed
783 2759 856 2826 dare,
873 2775 928 2813 non
944 2759 1144 2814 dubitaturiuri
1160 2761 1335 2816 sauatactum.
1363 2770 1391 2818 et
1401 2762 1471 2826 ideo,
1486 2763 1589 2819 etiami

101 2845 114 2882 s
145 2833 172 2881 et
202 2829 282 2881 aliam
310 2837 509 2895 proposuerunt
533 2827 732 2895 ambiguitatem
782 2827 810 2882 id
826 2843 880 2882 non
898 2826 1043 2891 smoumr,
1065 2836 1196 2895 appareat
1214 2834 1303 2883 tamen
1320 2845 1379 2884 eum
1397 2846 1457 2885 cum
1474 2845 1506 2885 eo
1524 2846 1588 2886 con·

111 2897 171 2962 quis
190 2911 293 2948 servum
311 2912 387 2950 suum
405 2897 433 2949 in
451 2901 610 2951 tetamento
626 2894 732 2963 quidem
783 2895 844 2949 silio
868 2894 1020 2963 scripsisse,
1047 2904 1078 2948 ιιι
1100 2896 1134 2949 ab
1159 2896 1282 2951 omnibus
1305 2898 1491 2962 exheredaret,
1517 2907 1589 2953 reete

100 2970 198 3083 2Barte
215 2964 272 3016 sinc
289 2963 410 3016 libertate
428 2963 587 3032 scripsisset,
610 2962 639 3016 in
657 2961 731 3016 codi-
785 2969 796 3017 t
833 2961 936 3016 iactum
953 2966 1140 3041 testamentum
1156 2963 1269 3018 videtur.
1302 2965 1417 3020 Proinde
1435 2982 1495 3020 cum
1507 2972 1589 3087 illim

100 3073 102 3083 .
131 3031 269 3083 'bematem
287 3031 311 3083 ci
328 3030 487 3098 reliquisset,
511 3031 535 3084 si
552 3032 639 3098 possit
655 3030 732 3083 insti·
782 3030 898 3085 familias
918 3029 983 3083 filiis
1005 3030 1134 3084 institutis
1158 3036 1186 3084 et
1206 3032 1317 3087 invicem
1339 3034 1490 3089 substitutis
1547 3050 1589 3088 arn

117 3105 144 3151 et
165 3098 209 3150 ille
231 3107 285 3151 tam
309 3096 386 3152 heres
411 3113 490 3165 quam
511 3096 580 3151 liber
601 3097 674 3161 fieri,
698 3113 732 3151 ue
783 3096 996 3158 exheredarerit,
1019 3097 1212 3166 mtehegeudus
1235 3105 1276 3153 est
1297 3100 1528 3157 exheredationem
1554 3104 1588 3156 ab

100 3181 118 3219 r
140 3166 276 3219 codicillos
293 3166 426 3219 hereditas
445 3165 603 3231 confirmari,
627 3165 654 3218 in
673 3165 731 3234 qui·
782 3170 897 3233 utroque
919 3165 1004 3233 pedu
1027 3164 1132 3219 tecuae.
1173 3181 1234 3220 nam
1254 3167 1401 3223 cumidem
1419 3169 1588 3225 heredesiu·

100 3248 133 3287 as
157 3233 215 3286 dari
238 3234 383 3286 secuudum
401 3239 516 3287 veterem
540 3232 657 3301 regulam
678 3249 731 3287 non
783 3232 870 3287 su'tuti
888 3241 959 3298 aaut
976 3232 1051 3286 nulla
1067 3233 1137 3288 ratio
1154 3233 1230 3288 reddi
1245 3239 1344 3303 potest,
1385 3252 1451 3290 nare
1467 3237 1589 3292 rideatur

100 3319 103 3352 ι
129 3301 156 3353 in
183 3301 230 3353 tali
256 3300 443 3370 dispositione,
468 3301 532 3353 licet
553 3301 580 3354 in
604 3300 732 3355 codicillis
783 3301 811 3354 in
819 3300 968 3378 posteriore
976 3306 1081 3354 tantum
1095 3316 1159 3356 essu
1172 3302 1334 3357 exheredare
1342 3253 1464 3360 columae.
1488 3301 1545 3359 ΡΡ,
1562 3319 1589 3360 νι

100 3372 144 3431 ta,
171 3373 198 3421 et
224 3368 374 3421 libertatem
400 3373 428 3421 et
454 3367 628 3421 hereditatem
655 3369 733 3422 simul
782 3367 808 3422 lt.
828 3366 880 3422 Iul.
900 3366 993 3423 Cilone
1009 3376 1036 3423 et
1054 3368 1156 3423 libone
1173 3385 1259 3424 corus.
1476 3376 1510 3438 [a.
1529 3378 1588 3437 tot]

103 3443 220 3488 nostram
245 3435 429 3489 liberalitatem
448 3443 475 3488 et
494 3438 633 3502 benignam
649 3437 731 3491 inter·
817 3433 924 3507 timp.
943 3436 1102 3491 Alexander
1119 3439 1150 3491 A.
1171 3437 1340 3492 Heraclidae.
1381 3438 1410 3492 Si
1431 3453 1497 3493 arus
1516 3445 1589 3505 tuus,

100 3549 101 3556 .
124 3503 305 3570 indulgemus,
330 3512 359 3555 ut
384 3504 564 3570 gratulentur,
594 3520 654 3557 curn
677 3520 732 3558 nou
783 3503 829 3572 qui
873 3511 957 3557 atram
983 3508 1060 3557 tuum
1086 3511 1114 3558 et
1135 3520 1275 3559 nouercam
1304 3506 1396 3574 aequis
1422 3507 1589 3575 portionibus

100 3580 174 3636 imur,
198 3571 245 3623 sed
263 3573 307 3624 et⁴
330 3571 419 3624 liberti
440 3579 468 3624 et
484 3570 595 3625 heredes
612 3571 731 3626 elidan-
783 3572 830 3625 her
864 3585 892 3624 as
910 3570 1040 3639 instituit,
1064 3587 1125 3626 cum
1145 3577 1173 3626 te
1195 3588 1300 3642 quoque
1323 3573 1434 3629 haberet
1454 3575 1481 3628 in
1498 3582 1588 3643 potes·

100 3646 170 3691 anta
192 3638 219 3691 in
243 3653 289 3692 eos
313 3640 397 3691 nostri
419 3639 533 3693 numinis
555 3638 733 3693 benivolentia
782 3644 846 3701 tate,
864 3644 1025 3693 testamento
1042 3641 1198 3694 nominatim
1215 3657 1269 3695 non
1287 3640 1466 3707 exheredavit,
1483 3647 1590 3697 mortno

100 3714 133 3769 ut,
152 3707 200 3758 etsi
219 3705 329 3760 libertas
347 3706 384 3759 eis
403 3722 488 3774 noque
508 3712 667 3760 testamento
685 3722 730 3760 ne·
782 3713 859 3774 patre
880 3712 927 3760 tuo
945 3708 1004 3760 uiuo
1027 3723 1077 3761 aso
1100 3708 1158 3762 sine
1177 3708 1364 3776 impedimento
1381 3709 1447 3776 legis
1464 3708 1589 3765 Vellaeae

101 3776 122 3827 is
140 3775 203 3826 data
223 3780 278 3838 est,
302 3781 390 3827 minen
413 3774 560 3827 hereditate
583 3774 666 3827 serris
689 3789 731 3827 re·
782 3771 949 3827 succedendo
966 3773 996 3828 iu
1031 3775 1097 3829 atris
1113 3776 1154 3829 tui
1172 3775 1258 3829 locum
1275 3775 1372 3843 rupisti
1390 3777 1432 3830 asi
1445 3780 1588 3832 testamen

127 3842 274 3894 iniunctam
300 3844 345 3894 οι5
376 3841 525 3895 libertatern
556 3857 614 3894 esse
639 3840 730 3894 rideri.
782 3849 839 3918 turn
860 3840 944 3894 etad
965 3845 992 3894 te
1009 3790 1143 3897 lereditas
1160 3845 1217 3896 eius
1235 3848 1293 3896 tota
1309 3843 1445 3911 pertinuit.
1481 3843 1536 3899 PP.
1560 3860 1589 3899 rr

100 3908 350 3973 licetobservaudo,
369 3917 406 3973 ut,
425 3910 448 3962 si
467 3910 583 3976 legatum
600 3908 640 3961 rel
657 3907 731 3961 fidei·
782 3909 817 3961 nl.
836 3910 860 3962 A
881 3908 923 3961 ril.
942 3907 1032 3963 Fusco
1051 3925 1078 3964 11
1094 3920 1121 3964 et
1138 3910 1245 3965 Dextro
1263 3927 1350 3964 conss.
1476 3917 1510 3976 [a.
1529 3916 1587 3976 225]

119 3977 157 4030 eis
181 3979 238 4029 sine
262 3977 385 4030 libertate
409 3977 587 4043 relinquatur,
607 3983 732 4029 maneant
817 3926 923 4046 3lmp.
943 3973 1113 4030 lastinianus
1129 3981 1160 4031 A.
1181 3976 1289 4031 Iuliano
1335 3996 1353 4031 r.
1384 3978 1412 4032 si
1429 3979 1488 4046 quis
1506 3979 1586 4033 filium

101 4045 174 4097 itute.
202 4044 263 4096 Non
282 4051 370 4096 tamen
387 4046 426 4096 ita
443 4044 515 4111 impii
533 4043 643 4099 heredes
661 4044 731 4096 exis·
782 4044 920 4112 proprium
936 4043 975 4097 ita
992 4044 1204 4098 exheredaverit:
1228 4045 1285 4099 ‘ille
1303 3995 1372 4099 llius
1390 4062 1464 4101 meus
1485 4046 1588 4101 alienus

100 4113 259 4164 reralitatern
277 4113 413 4164 metatoris
432 4111 534 4165 servilis
551 4112 668 4165 laboris⁰
685 4111 731 4164 de·
782 4125 858 4164 meae
870 4110 1037 4166 substantiae
1049 4111 1117 4174 fiat',
1132 4113 1193 4173 talis
1205 4113 1276 4166 tilius
1287 4114 1321 4167 ab
1335 4113 1485 4168 huiusmodi
1494 4116 1587 4169 verbo-

100 4181 212 4232 eratione
230 4178 390 4232 deharrdare
408 4187 539 4232 conentur
558 4185 586 4233 et
608 4195 662 4232 non
686 4179 731 4232 de·
782 4195 840 4232 rum
854 4180 1028 4248 conceptione
1041 4195 1094 4233 non
1108 4181 1276 4247 praeteritus,
1294 4181 1341 4234 sed
1356 4181 1533 4236 exheredatus
1547 4183 1586 4236 in·

100 4249 157 4300 hcet
190 4246 277 4299 adhuc
308 4248 390 4299 servis
422 4247 588 4310 consdtutis,
623 4247 730 4300 donent.
782 4246 930 4313 tellegatur.
950 4263 1010 4300 curn
1025 4246 1094 4299 enirn
1109 4248 1339 4302 manifestissimus
1349 4256 1391 4303 eat
1402 4264 1496 4303 sensus
1504 4255 1587 4305 testa·

100 4315 137 4368 ris
161 4315 245 4367 nostri
269 4312 387 4368 delinitio
411 4314 491 4367 etiam
513 4314 548 4367 ad
572 4315 651 4368 uliam
671 4330 732 4382 spe·
782 4314 856 4376 toris,
870 4315 1012 4368 verborum
1029 4315 1213 4382 interpretatio
1228 4331 1360 4436 nuaiquani
1373 4320 1477 4369 tantum
1491 4317 1586 4383 salat,

100 4390 160 4435 stain
179 4382 290 4448 brumae
308 4381 474 4435 extendatur.
510 4383 534 4435 si
554 4384 611 4449 quis
636 4382 732 4434 aternius
782 4389 813 4433 ut
822 4381 916 4436 melior
927 4397 1008 4435 sensu
1017 4382 1123 4435 existat.
1148 4382 1243 4436 laris.
1254 4381 1337 4452 dart.
1352 4382 1588 4457 Constantinopoli

100 4450 296 4504 litestamento
320 4465 424 4502 sertrrm
442 4465 519 4502 suum
538 4449 642 4502 cuidam
661 4450 731 4517 lega·
778 4457 845 4520 post
859 4449 1030 4503 conmutatum
1045 4448 1190 4520 Lusnpadii
1203 4460 1229 4503 et
1240 4451 1343 4504 Orestia
1360 4468 1398 4504 oa
1414 4467 1450 4505 cc.
1479 4456 1513 4515 [a.
1527 4457 1586 4516 5³1]

100 4517 206 4586 upillari
231 4525 318 4569 auum
341 4517 530 4570 substitutione
548 4517 659 4570 eundern
677 4533 732 4571 ser·
816 4515 953 4573 4¹¹Idem
971 4516 1002 4568 A.
1023 4515 1140 4569 Iohanni
1153 4535 1203 4587 pp.
1244 4517 1389 4571 Maximum
1406 4518 1498 4573 sitiunt
1517 4519 1586 4572 auti-

100 4602 126 4639 to
144 4586 200 4637 sine
216 4585 338 4637 libertate
352 4584 527 4646 substituerit,
546 4585 732 4651 quaerebatur,
783 4600 852 4652 quae
868 4582 1025 4638 subtilitatis
1042 4584 1176 4652 praesenti
1193 4583 1202 4636 l
1268 4585 1431 4653 corrigimus,
1450 4601 1519 4654 quae
1535 4602 1586 4655 pu·

100 4664 160 4706 sset
178 4653 238 4706 talis
258 4652 412 4704 substitutio
432 4659 459 4705 et
494 4667 523 4703 er
541 4668 644 4704 serrum
662 4652 732 4732 lega·
783 4651 850 4705 tavit
866 4651 920 4707 alia
936 4665 995 4705 esse
1008 4651 1068 4704 iura
1082 4652 1212 4705 obserran
1232 4653 1291 4705 ain
1304 4652 1475 4706 successione
1489 4669 1585 4721 paren-

100 4721 150 4774 utio
165 4728 351 4787 postmortem
386 4719 460 4786 ripilli
475 4669 602 4786 legatario
616 4719 732 4787 adquiri·
783 4727 847 4784 turn,
873 4719 896 4772 si
920 4733 953 4771 ex
979 4724 1137 4773 testamento
1163 4719 1284 4785 remant,
1310 4719 1337 4772 in
1360 4721 1485 4774 masculis
1509 4727 1536 4775 et
1559 4723 1586 4774 in

100 4789 164 4842 rtilis
180 4793 221 4840 ost
235 4737 386 4840 huiusmotll
402 4786 569 4847 substitutio,
592 4786 655 4854 quia
675 4788 733 4840 sine
782 4785 901 4849 lerninis,
926 4800 987 4838 curn
1010 4787 1044 4839 ab
1068 4787 1193 4841 intestato
1216 4786 1300 4840 simile
1322 4787 1364 4840 ius
1388 4787 1493 4856 utrique
1511 4790 1585 4842 serui

100 4871 118 4909 e
140 4857 166 4908 iu
186 4871 289 4908 sertum
307 4855 443 4922 proprium
463 4853 535 4906 iacta
551 4861 601 4907 est.
635 4853 732 4908 Melius
783 4860 965 4915 serraverunt,
989 4857 1017 4905 et
1034 4853 1093 4906 aliis
1110 4854 1198 4907 verbis
1217 4854 1373 4908 exheredari
1389 4854 1485 4909 debere
1503 4856 1586 4909 tilium

103 4923 237 4977 evidetur
260 4922 387 4989 legumini
411 4937 472 4974 euru
496 4937 548 4973 non
571 4921 662 4974 stetim
685 4921 731 4975 ad-
783 4928 936 4985 sanxerunt,
954 4920 1013 4973 aliia
1028 4921 1116 4987 tiliam,
1135 4928 1161 4974 et
1178 4922 1370 4990 internepotes
1387 4922 1585 4978 exheredandos

100 5008 138 5053 re,
165 4992 212 5043 sod
237 4990 430 5057 expectandum
454 5004 511 5041 csse
535 4988 732 5043 substitutionis
787 4996 793 5041 1
832 4989 886 5041 alia
903 4987 964 5041 iura
980 4987 1075 5049 ciuilia,
1094 4990 1146 5041 alia
1159 4990 1290 5058 praetoris
1306 4989 1528 5044 introduxerunt'
1548 4991 1586 5044 Et

100 5063 120 5112 et
143 5059 165 5110 si
189 5059 293 5136 quidem
318 5057 418 5176 pupillo
436 5062 540 5109 mortuo
560 5057 635 5110 locus
652 5057 734 5110 fuerit
782 5057 804 5110 si
828 5056 988 5123 praeteritus
1010 5055 1098 5109 tumst
1119 5056 1202 5119 filius,
1226 5057 1266 5110 vel
1288 5057 1346 5124 ipro
1368 5057 1427 5110 iure
1443 5065 1585 5112 testamu-

100 5127 121 5191 i,
145 5133 172 5178 et
189 5127 256 5178 luber
275 5128 301 5178 et
338 5141 394 5177 ores
413 5123 560 5176 efficiatur:
583 5125 732 5178 sinautem
782 5133 838 5177 turn
861 5124 997 5178 evertebat
1019 5124 1060 5177 rel
1081 5131 1176 5177 oontm
1200 5124 1306 5177 tabulas
1328 5124 1458 5178 bonorum
1480 5142 1584 5195 posses-

100 5194 205 5248 minime
223 5195 311 5246 locum
331 5191 468 5255 halnnerit,
493 5190 606 5244 forsitan
628 5192 731 5260 pupillo
782 5192 883 5245 sionem
906 5193 933 5245 in
955 5198 1041 5245 totum
1064 5191 1223 5259 accipiebat,
1250 5191 1306 5245 tilia
1328 5198 1417 5246 autem
1440 5195 1585 5260 praeterita

100 5264 225 5316 bertmtmn
253 5261 434 5327 perveniente,
460 5266 524 5311 tunc
552 5258 587 5312 ad
613 5259 732 5326 legatarii
781 5259 824 5313 ius
841 5258 1015 5313 adcresoendi
1031 5275 1064 5313 ex
1081 5259 1139 5312 iure
1155 5264 1242 5312 saure
1262 5257 1423 5327 accipiebat,
1441 5267 1472 5313 ut
1492 5261 1584 5315 eodeni

100 5347 128 5384 m
142 5338 270 5382 transeut.
297 5326 522 5395 Quemadmodum
537 5326 606 5380 enim
620 5331 731 5395 vetems,
781 5333 913 5381 momento
944 5330 973 5380 et
1003 5329 1189 5381 munientium
1221 5327 1306 5395 patris
1333 5326 1526 5394 quodammodo
1552 5344 1585 5382 ea

100 5503 215 5551 tannem
267 5504 300 5559 til
317 5501 503 5562 lanpedius
554 5500 587 5557 (tl
606 5500 731 5562 cj.'l,t‚a
781 5517 836 5561 sca,
854 5501 886 5564 es.
904 5496 1293 5564 ZeitacltrijlflirRacltspesclt.
1312 5508 1334 5549 tt
1353 5517 1379 5564 p.
1397 5509 1436 5550 tta
1503 5500 1539 5561 (a)
1557 5499 1584 5549 B

100 5580 145 5629 ,to
163 5575 206 5627 tt.
225 5576 303 5623 utet
351 5569 385 5625 (tl
403 5565 478 5613 etium
496 5566 554 5615 libri
595 5566 732 5626 (5)etR⁰,
782 5567 986 5631 35,s‚torcqq·
1004 5593 1036 5600 -
1057 5565 1094 5630 Cf.
1105 5564 1407 5630 otorantinam
1448 5567 1583 5629 (tolsiclt,
1669 5562 1680 5577 ⁰

100 5639 133 5699 (a)
149 5633 246 5684 seruilis
264 5633 355 5682 laboris
377 5630 439 5692 CRl,
457 5630 557 5682 serviles
573 5631 669 5681 labores
685 5633 731 5695 lt',
781 5632 840 5697 imp.
857 5634 993 5683 antoninus
1009 5649 1030 5681 a
1050 5632 1097 5683 SC
1159 5632 1204 5695 (n)
1220 5634 1291 5699 iunge
1308 5635 1333 5697 3,
1351 5643 1388 5698 ιι,
1404 5643 1440 5685 tt.
1456 5642 1485 5685 tt

100 5703 182 5754 eborea
205 5702 237 5752 l!
306 5707 341 5764 (st
359 5720 378 5751 c.
398 5712 410 5750 ι
430 5709 441 5759 i
462 5703 487 5750 ιι
506 5701 564 5749 lat.
636 5703 671 5765 (8)
688 5715 732 5749 mr
