3832 6126
213 241 337 308 XH33

1022 232 1086 307 468

1483 259 1544 321 om
1567 260 1738 310 nrnrrnnn
1759 265 1898 322 rossum

901 328 1199 343 ———-—-

214 442 273 493 eos,
310 427 336 480 ui
354 426 408 481 litis
427 440 511 480 causa
528 424 651 480 militiam
668 425 845 494 appetierunt,
867 425 1028 494 postulanti·

213 496 263 550 bus
318 494 442 548 versariis
461 494 526 547 solvi
545 501 714 548 sacramento
734 495 829 547 solere.

248 561 266 618 2
286 563 346 633 Irnp
356 581 374 614 ι,
389 562 578 616 Diocletianus
591 572 617 615 et
632 560 820 615 Maximianus
837 562 893 614 Aa
918 560 1027 614 Valerio

212 630 298 683 militi.
362 646 396 683 on
414 634 519 682 tantum
537 628 713 683 decurionum
736 628 811 690 filiis,
835 628 881 682 sed
905 629 1027 682 omnibus

213 700 241 751 in
258 697 380 751 fraudem
399 697 514 751 civilium
533 713 673 750 munerum
691 697 799 750 nomina
822 702 941 749 armatae
958 697 1026 748 mili-

212 767 266 819 tiae
284 766 411 819 dantibus
429 766 551 818 fraudem
571 766 700 832 prodesse
717 765 859 833 displicuit.

247 831 265 890 3
286 833 374 904 intpp.
393 834 530 887 Arcadius
553 844 579 886 ct
598 833 740 886 Hortarius
757 835 812 886 ΑΛ.
831 831 952 885 Palclun
971 849 1025 884 ma-

213 902 300 1022 gistro
326 902 467 970 utrimque
489 900 609 954 nvilitiae.
646 900 717 952 Cura
740 900 862 967 pervigili
885 900 1027 952 observare

232 969 322 1022 ebcbit
340 969 488 1022 sublimitas
507 976 567 1031 tua,
591 983 625 1020 ne
644 967 732 1021 coloni
750 968 790 1020 vel
812 968 960 1020 sultuenses
978 972 1027 1019 aut

213 1037 283 1090 ultro
302 1053 330 1090 se
349 1038 490 1090 offerentes
508 1036 544 1090 ad
562 1036 680 1088 militiam
699 1036 878 1102 suscipiantur
895 1042 1025 1088 armatam

215 1110 263 1157 aut
281 1110 412 1171 cogantur
428 1105 510 1157 iuviti.

249 1171 268 1226 4
287 1172 356 1242 lnqv.
376 1172 431 1225 Leo
450 1173 481 1225 Α.
500 1170 635 1224 Dioscora
650 1189 700 1241 pp.
738 1171 835 1224 Omnes
853 1170 960 1222 omnino
978 1185 1025 1222 cu-

213 1239 287 1294 rialis
317 1241 358 1293 vel
390 1239 535 1294 cohortalis
568 1238 732 1293 condicionis
759 1238 898 1291 constituti
926 1237 1024 1290 nullum

214 1313 345 1360 armatam
365 1309 482 1360 militiam
501 1307 529 1359 in
547 1312 684 1374 posterum
702 1306 843 1372 adripiunt.
890 1312 923 1367 [a.
944 1306 1021 1367 stul]

249 1374 267 1429 5
288 1376 357 1445 lrnp.
379 1375 500 1428 Irtslinas
522 1377 553 1428 Λ.
573 1374 677 1427 Licinia
702 1375 833 1442 tnapistro
859 1373 1024 1442 officiarum.

214 1442 263 1496 Eis
282 1443 396 1510 quidem,
415 1444 512 1510 quilnvs
527 1441 658 1495 indultum
675 1443 805 1494 hactenus
819 1441 1024 1502 demonstratur,

215 1528 268 1579 quo
293 1512 361 1564 binis
385 1517 433 1563 aut
455 1511 538 1563 ternis
560 1510 714 1576 pluribusve
738 1517 889 1562 mereantur
914 1508 1025 1574 cingulis

215 1595 268 1632 non
287 1580 436 1631 coniunctis
460 1595 475 1631 c
498 1578 588 1645 prisca
606 1578 813 1638 consuetudine,
838 1576 884 1628 sed
909 1575 1025 1628 absectis

215 1651 296 1712 atque
311 1647 534 1714 discrepantibus,
552 1646 630 1697 detur
645 1645 747 1706 electio,
767 1660 843 1710 quern
858 1642 1025 1696 retinendum

215 1714 265 1767 sibi
285 1716 373 1782 potius
393 1722 533 1778 censeant,
557 1730 633 1780 quem
656 1713 829 1765 <lescrcrrdnm
855 1717 1026 1777 cogrroscant,

217 1783 290 1835 utin
310 1798 341 1835 eo
360 1782 432 1848 quod
451 1784 602 1849 optaverint
621 1781 730 1832 tirmiter
748 1787 885 1842 maneant,
905 1795 936 1832 co
955 1777 1026 1846 quod

217 1854 226 1903 1
266 1851 435 1918 despexerint
453 1851 509 1902 sine
528 1849 694 1900 dubitatione
710 1848 879 1914 repellantur.
914 1846 946 1898 In
964 1861 1026 1913 pos-

215 1923 301 1970 terum
326 1934 386 1970 vero
416 1917 514 1970 nemini
541 1932 652 1984 prorsus
676 1915 790 1968 facultas
817 1917 909 1982 pateat
935 1913 1025 1967 eodem

214 1992 334 2053 tempore
358 1986 418 2053 plus
443 2000 522 2053 quam
546 1985 624 2036 rudus
643 1983 743 2036 ordinis
762 1998 857 2035 nomen
881 1981 1025 2044 adfectare,

215 2053 402 2107 interdicendis
416 2053 444 2106 in
458 2067 598 2106 commune
615 2051 720 2105 eunctis
736 2057 766 2103 ut
784 2050 882 2103 dictum
898 2055 938 2102 est
955 2048 1025 2102 binis

215 2121 371 2189 pluribusve
384 2121 494 2175 militiis.
510 2136 559 2173 nec
574 2119 728 2186 dignitatern
744 2119 903 2184 coniungere
918 2117 1026 2170 cuilibet

216 2188 260 2241 alii
280 2190 384 2255 cingulo
402 2187 593 2251 concedendis,
617 2191 648 2239 ut
665 2191 692 2239 et
709 2187 753 2253 qui
771 2185 975 2253 supplicandum
994 2183 1026 2238 de

216 2273 245 2309 re
262 2258 345 2309 vetita
359 2256 437 2309 uobis
453 2255 668 2318 existimaverint,
687 2269 774 2320 poena
791 2253 880 2306 decem
898 2253 1026 2306 librarum

216 2324 275 2376 auri
293 2340 342 2390 pro
361 2324 509 2377 temeritate
526 2322 644 2389 quumvis
662 2323 830 2374 infructuosa
847 2322 1025 2389 plectuntur¹,

217 2397 244 2444 et
259 2393 304 2458 qui
319 2392 486 2459 susceperint
502 2391 644 2443 iussionem
661 2394 799 2454 augustam
815 2405 863 2456 per
877 2388 1025 2455 subreptio-

217 2475 276 2513 nem
301 2459 428 2519 elicitam,
452 2457 523 2526 quod
547 2473 745 2524 nonnumquam
768 2458 911 2522 contingit,
936 2456 1025 2509 decem

217 2527 345 2579 librarum
369 2527 429 2579 auri
457 2528 542 2578 multa
572 2525 716 2578 feriantur:
745 2525 849 2577 scriniis
873 2524 953 2577 etiam
976 2538 1026 2576 nec

217 2611 270 2648 non
289 2594 399 2657 officiis,
418 2611 532 2662 quorum
549 2593 617 2646 haec
634 2592 751 2656 intersit,
771 2593 792 2645 si
810 2608 863 2645 non
881 2591 1027 2644 restiterint

217 2667 246 2715 et
262 2664 331 2715 hanc
348 2663 539 2729 pragmaticam
556 2662 640 2728 legem
658 2661 816 2721 obiecerint,
835 2659 926 2713 decem
944 2659 1026 2713 libra-

221 2736 252 2784 lu
286 2746 345 2783 rum
367 2732 425 2783 auri
451 2729 589 2797 dispendio
613 2728 761 2796 puniendis.
806 2728 834 2781 Si
857 2727 920 2793 qnid
938 2734 1026 2779 autem

218 2802 313 2850 contra
330 2798 396 2851 baec
427 2802 593 2864 verpetretur,
621 2797 707 2850 sciant
729 2811 832 2860 omnes,
857 2795 928 2875 quod
951 2801 1027 2848 extra

219 2881 374 2918 concessum
392 2815 536 2918 admissum
554 2867 613 2918 est²
630 2869 678 2917 aut
695 2868 784 2916 actum
801 2863 882 2916 fuent
896 2863 938 2916 vel
956 2862 1025 2915 notis

219 2933 418 3000 σοιιοιτιὶρῑιιιιι3
434 2933 556 3032 publicis,
575 2932 659 2984 simile
677 2932 815 2994 habeatur,
835 2931 957 2984 acsinec
976 2930 1024 2982 im-

219 3007 352 3068 petratum
377 3016 426 3053 uec
467 3001 669 3066 pronuntiatum
695 2999 800 3052 omnino
824 3015 874 3052 nec
897 2999 1025 3051 insertrnn

220 3075 235 3120 2
269 3076 340 3121 essct
364 3069 425 3121 ullis
456 3068 609 3120 matriculis.
653 3067 764 3120 Scituris
790 3067 869 3120 etiam
894 3067 1025 3128 omnibus,

220 3136 265 3203 qui
282 3142 412 3189 merentes
430 3136 457 3188 in
476 3135 612 3188 ordinibus
630 3136 739 3188 armatis
763 3135 817 3187 sive
840 3134 961 3187 civilibus
979 3133 1025 3186 ad-

220 3204 408 3256 ministrandas
431 3204 580 3270 provincius
605 3218 653 3256 seu
669 3202 799 3270 regendos
825 3202 959 3270 quoslibet
976 3218 1026 3254 nu-

220 3287 307 3323 meros
332 3271 372 3324 vel
395 3273 447 3323 iam
472 3278 534 3325 sum
558 3287 604 3324 seu
627 3271 659 3323 de
677 3274 766 3323 cetero
788 3271 888 3323 fuerint
910 3269 1027 3323 iussione

221 3341 331 3391 nostra⁵
353 3339 439 3392 sortiti
463 3345 504 3400 et,
522 3344 552 3391 ut
574 3344 692 3392 servetur
715 3337 753 3391 eis
776 3339 889 3404 gradm,
915 3344 1028 3403 augusta

221 3407 373 3475 prumentii
391 3407 543 3468 sanctione,
560 3422 652 3473 parem
674 3405 860 3472 indulgendam
877 3405 927 3458 sibi
945 3405 1026 3458 licen-

221 3474 298 3540 tiam,
322 3477 463 3542 postquum
490 3475 661 3540 deposuerint
685 3473 903 3536 sollicitudinem,
931 3479 977 3525 aut
1000 3473 1026 3526 iu

221 3542 311 3610 priore
329 3541 433 3608 cingulo
453 3541 574 3609 protinus
593 3539 760 3609 persistendi,
778 3541 852 3595 nullo
870 3540 1026 3595 vindicando

221 3609 298 3661 titulo
317 3609 465 3675 dignitatis,
490 3625 567 3677 quem
585 3608 735 3663 sollicitudo
753 3608 840 3662 media
856 3610 1026 3688 praestiterit,

221 3683 269 3730 aut
285 3677 415 3730 retinendi
434 3677 613 3745 splendorem,
632 3692 709 3745 quem
726 3676 898 3744 adquisierint
915 3677 1026 3730 admini-

222 3745 359 3798 strationis
378 3747 501 3808 obtentu,
525 3761 614 3798 verum
638 3746 727 3813 priora
745 3745 849 3812 cingulo
875 3744 1025 3798 desistendi.

223 3819 238 3864 :t
273 3813 401 3866 blaviente
424 3818 511 3866 tamen
535 3814 627 3866 innata
650 3812 727 3865 nobis
751 3812 890 3865 clementia
912 3814 1026 3866 liberum

222 3895 281 3933 esse
292 3881 394 3933 cunctis
404 3881 595 3948 prosperrimus,
614 3879 747 3941 similitu,
762 3882 832 3960 ριιο7
848 3880 1025 3934 decedendum

224 3954 276 4011 est,
294 3948 363 4001 inter
381 3964 426 4001 eas
445 3949 566 4012 habetur,
591 3963 656 4014 quas
675 3949 824 4002 volentibus
846 3948 908 4001 licet
929 3949 1026 4003 distra-

222 4015 299 4079 here,
323 4021 351 4068 et
375 4016 401 4069 in
425 4016 491 4069 alios
514 4031 571 4068 eam
597 4015 748 4069 conferendi
771 4020 798 4068 et
824 4018 911 4083 pretia
934 4034 1026 4071 conse-

223 4084 328 4151 quendi,
343 4091 422 4150 prout
436 4085 464 4136 in
479 4084 560 4137 isdem
575 4084 723 4151 agminibus
739 4083 875 4137 consuevit
889 4084 1026 4139 hactenus.

224 4156 239 4204 4
273 4151 445 4218 Excipiendis
456 4152 576 4204 videlicet
590 4168 639 4205 nec
657 4151 816 4205 deducendis
834 4152 862 4204 in
879 4152 949 4207 hunc
967 4170 1027 4222 per·

1080 430 1162 545 petuo
1190 423 1400 477 conservandam
1431 425 1518 492 legem
1548 430 1750 496 pragmaticam
1781 433 1833 499 cis,
1859 440 1898 505 qui

1099 493 1157 544 inas
1174 492 1282 545 militias
1296 492 1374 544 simul
1393 496 1560 561 compositas
1577 505 1606 548 et
1625 499 1724 551 sociali
1743 516 1824 555 nexas
1842 520 1896 560 con-

1080 561 1163 613 sortio
1181 560 1281 612 fuerint
1298 559 1428 623 adsecuti,
1448 564 1524 615 utin
1543 564 1612 616 viris
1632 566 1809 623 dicatissimis
1828 574 1895 627 scho-

1079 627 1181 681 laribus
1199 635 1279 693 atque
1301 627 1451 681 candidatis
1470 629 1529 682 fieri
1554 634 1641 685 moris
1661 642 1705 686 est
1729 653 1781 689 nec
1804 643 1895 697 nonin

1078 695 1141 748 viris
1163 695 1265 748 devotis
1289 695 1515 750 laterculensibns
1539 705 1567 751 et
1592 704 1814 768 pragmaticariis
1832 709 1893 764 vela

1078 764 1187 816 secretis
1206 763 1324 829 contigit.
1344 779 1411 831 quos
1430 767 1629 820 memorialium
1656 772 1740 822 ctiam
1759 778 1809 826 aut
1826 791 1890 842 agen

1077 837 1134 882 tum
1152 831 1179 883 in
1198 831 1277 883 rebus
1295 829 1410 883 adornat
1435 833 1571 901 cingulus,
1595 844 1624 888 et
1642 837 1667 891 si
1713 839 1742 892 ui
1760 841 1887 898 similist

1077 897 1508 975 pendiorumiuflngnnturcopula.
1528 902 1561 955 D.
1579 904 1676 958 τιτιίι.
1689 855 1751 959 yart.
1773 907 1886 964 Comam-

1079 967 1193 1036 tinopolz
1205 964 1310 1018 Ιιιιίιιιο
1321 968 1352 1019 Α.
1371 968 1469 1019 iterum
1486 976 1514 1021 ct
1525 968 1657 1040 Opilionc
1675 989 1767 1028 coisse.
1799 982 1832 1040 [a.
1842 984 1886 1044 stt}

1112 1029 1130 1089 6
1150 1032 1217 1103 lup.
1244 1031 1415 1087 lastinianus
1432 1038 1463 1088 Α.
1482 1035 1584 1091 Iliacae
1603 1057 1657 1110 pp.
1703 1042 1794 1110 Super
1810 1049 1886 1111 servis

1077 1101 1122 1169 qui
1139 1106 1234 1167 postea
1256 1099 1291 1152 ud
1314 1100 1448 1168 quandam
1469 1105 1593 1158 militiam
1618 1107 1765 1176 adspirare
1788 1118 1885 1181 tempa-

1077 1168 1164 1221 verint
1180 1169 1221 1221 vel
1240 1169 1387 1222 scientibus
1406 1171 1446 1222 vel
1464 1172 1658 1237 ignorantibus
1676 1176 1805 1246 dominis,
1822 1197 1885 1249 prta

1077 1236 1203 1304 cipimus,
1227 1236 1250 1288 si
1268 1236 1374 1302 quidem
1392 1237 1578 1304 ignorantibus
1603 1243 1646 1295 his
1667 1260 1727 1298 eam
1747 1250 1884 1315 memen'nt,

1076 1303 1156 1357 licere
1180 1304 1292 1356 domims
1316 1303 1390 1356 adire
1409 1312 1605 1373 competentem
1629 1311 1752 1366 indicem
1774 1323 1801 1368 et
1823 1333 1884 1372 suan

1075 1371 1253 1439 ignorantiam
1276 1387 1316 1436 eo,
1339 1372 1410 1439 quod
1435 1376 1602 1429 contrarium
1624 1379 1737 1434 minime
1761 1385 1884 1451 probatur,

1078 1439 1219 1492 ostendere
1236 1454 1321 1506 eoque
1338 1440 1417 1493 modo
1436 1442 1566 1509 spoliatos
1585 1461 1633 1499 eos
1658 1448 1758 1502 militia
1775 1451 1803 1504 in
1820 1468 1883 1508 suun

1076 1506 1219 1560 dominium
1238 1507 1356 1559 trahere:
1376 1509 1417 1560 sin
1431 1525 1493 1562 vero
1512 1511 1664 1567 scientibus
1681 1516 1724 1569 his
1744 1520 1814 1572 servi
1829 1522 1883 1574 mili·

1077 1575 1203 1638 taverint,
1231 1574 1328 1627 eadere
1354 1575 1459 1641 quidem
1487 1593 1533 1631 eos
1560 1597 1615 1634 non
1644 1589 1754 1638 tantum
1781 1586 1881 1643 dominio

1077 1658 1182 1705 eorum,
1206 1642 1252 1695 sed
1276 1643 1354 1695 etiam
1373 1644 1444 1696 omni
1466 1651 1628 1712 patronatus
1654 1650 1730 1716 iure,
1754 1653 1815 1707 illos
1831 1673 1882 1711 sero

1076 1710 1206 1776 ingenuos
1231 1709 1352 1772 effectos,
1376 1711 1398 1763 si
1424 1712 1529 1778 quidem
1546 1716 1627 1769 utiles
1649 1719 1686 1770 ad
1709 1721 1831 1776 militiam
1851 1727 1881 1778 cis

1077 1777 1167 1830 datam
1185 1777 1233 1830 visi
1257 1778 1370 1839 luerint,
1395 1779 1422 1831 in
1445 1795 1478 1833 ea
1500 1781 1612 1848 durare,
1637 1787 1681 1838 sin
1699 1804 1766 1842 vero
1789 1793 1882 1847 minine

1079 1851 1090 1898 1
1127 1845 1216 1898 idonei
1233 1845 1295 1901 sint.
1314 1860 1346 1898 ea
1363 1845 1471 1912 privari.
1507 1848 1595 1917 Super
1618 1853 1673 1906 illis
1692 1863 1787 1910 autem
1804 1861 1881 1923 servis

1078 1913 1121 1980 qui
1140 1913 1193 1965 iam
1210 1914 1359 1966 militarunt
1376 1920 1403 1965 et
1420 1915 1508 1969 adhue
1526 1918 1552 1969 in
1572 1920 1667 1973 eadem
1686 1924 1786 1978 militia
1835 1944 1880 1982 τοι·

1076 1985 1177 2043 verant,
1195 1980 1330 2033 licentiam
1346 1981 1458 2035 dominis
1475 1983 1569 2039 damus
1581 1987 1654 2042 intra
1670 1991 1784 2057 triginta
1812 1997 1880 2049 'erun

1076 2048 1191 2116 spatium
1209 2049 1244 2100 ab
1260 2064 1291 2101 eo
1307 2057 1425 2116 tempore
1439 2056 1729 2122 connumerandomm,
1751 2077 1803 2128 quo
1816 2079 1879 2131 prae·

1077 2132 1138 2170 sens
1157 2116 1261 2169 sanctio
1280 2116 1415 2184 divulgata
1432 2118 1526 2178 inerit,
1544 2122 1585 2174 rel
1604 2129 1730 2180 nostram
1749 2129 1821 2184 adire
1837 2132 1878 2185 cle

1076 2184 1200 2237 mentium
1211 2184 1251 2236 vel
1267 2191 1447 2251 competentes
1463 2186 1564 2241 iudices
1575 2195 1602 2243 et
1616 2207 1696 2246 suam
1709 2195 1878 2253 innocentiam

1078 2252 1262 2313 commendare
1292 2267 1390 2320 eosque
1422 2254 1449 2306 in
1476 2271 1552 2308 snum
1579 2258 1703 2328 recipere
1738 2263 1877 2321 dominium

1077 2323 1092 2372 t
1127 2318 1185 2385 Quo
1204 2324 1323 2397 tempore
1341 2328 1477 2376 transacto
1501 2324 1579 2378 simili
1596 2327 1678 2382 modo
1701 2335 1760 2385 tum
1779 2333 1877 2389 dominio

1076 2403 1156 2510 Ἑιοιιι
1175 2403 1247 2440 cmm
1264 2394 1424 2455 patronatus
1447 2390 1505 2444 iure
1522 2392 1618 2448 cadere
1637 2411 1686 2450 eos
1711 2415 1823 2456 necesse
1836 2408 1877 2456 ut

1104 2498 1109 2508 .
1123 2469 1180 2508 vm
1195 2455 1230 2507 id.
1241 2460 1264 2508 Α
1287 2457 1329 2508 cil.
1347 2457 1584 2529 Constantinopoli
1594 2462 1681 2518 Decio
1692 2482 1769 2521 coras
1788 2475 1819 2534 [a.
1829 2475 1876 2534 tlt]

1111 2520 1224 2602 tritus
1275 2566 1280 2575 .
1306 2521 1426 2577 Iobarrm'
1442 2542 1493 2596 pp.
1535 2527 1563 2581 Si
1593 2531 1653 2596 quis
1680 2548 1790 2589 servum
1813 2554 1875 2591 suun

1076 2590 1232 2658 dignitatem
1260 2590 1374 2654 habere,
1401 2594 1619 2658 quemadmodum
1645 2600 1786 2668 militiam,
1810 2606 1877 2659 inerit

1075 2674 1181 2728 passus,
1200 2658 1329 2726 spolietur
1346 2665 1373 2711 et
1390 2659 1505 2716 dominio
1520 2664 1589 2717 servi
1607 2670 1635 2719 et
1653 2668 1722 2734 iure,
1742 2673 1811 2740 quod
1827 2690 1875 2743 per·

1079 2734 1089 2780 t
1126 2726 1261 2779 venittad
1278 2731 1415 2795 patronos.
1444 2729 1570 2784 Cuienim
1589 2732 1734 2791 ferendum
1749 2748 1791 2795 est
1805 2743 1875 2795 boni·

1076 2810 1124 2849 nes
1147 2809 1164 2848 a
1194 2802 1287 2848 nostra
1312 2810 1393 2848 mauu
1424 2796 1579 2853 donudones
1606 2804 1777 2871 accipientes
1802 2810 1875 2863 adhuc

1075 2863 1145 2917 iuter
1160 2877 1251 2916 servos
1265 2863 1358 2915 haberi
1371 2869 1398 2917 et
1415 2863 1485 2919 forte
1498 2882 1558 2920 curn
1571 2870 1628 2923 suis
1644 2871 1762 2929 dominis
1772 2886 1874 2932 nostran

1076 2936 1091 2984 t
1113 2946 1273 3052 ‘purpuram
1295 2930 1455 3011 adorantes?
1495 2934 1526 2988 In
1550 2935 1591 2991 his
1609 2938 1705 3008 itaque
1723 2946 1875 3011 casibus,in

1076 3015 1121 3066 qur
1138 3014 1172 3078 us
1189 3014 1253 3077 non·
1267 2999 1372 3079 multra,
1396 3000 1443 3054 sed
1466 3001 1580 3069 digmus
1597 3007 1755 3065 volentibus
1778 3013 1874 3068 domun

1076 3082 1159 3120 servvs
1174 3066 1332 3133 adqurrrtur,
1350 3068 1443 3122 eadem
1457 3069 1516 3124 iura
1530 3083 1711 3140 reserventur,
1729 3097 1798 3148 quae
1809 3088 1874 3135 antea

1076 3135 1165 3203 posita
1179 3142 1250 3200 svmt,
1265 3150 1299 3188 ne
1314 3135 1435 3190 videatur
1447 3144 1540 3193 nostra
1554 3142 1660 3197 sanctio
1676 3146 1781 3215 aliquid
1791 3150 1873 3204 habuc

1077 3206 1093 3257 3
1126 3202 1321 3281 imperfectum.
1354 3205 1446 3258 Sciant
1463 3213 1550 3260 autem
1568 3209 1669 3265 domim
1687 3215 1724 3268 ad
1742 3219 1872 3287 exemplum

1076 3274 1238 3339 praetentae
1253 3278 1362 3326 nostrae
1372 3273 1578 3341 constitutionis,
1594 3295 1667 3346 quae
1686 3283 1721 3336 de
1738 3284 1871 3340 huiusmodi

1077 3338 1160 3393 servis
1184 3337 1210 3392 lo
1230 3338 1419 3418 uitur‚·quod,
1443 3343 1494 3397 nisi
1516 3343 1568 3398 hoc
1591 3345 1666 3402 intra
1687 3352 1800 3420 triginta
1819 3355 1870 3415 dia,

1077 3422 1111 3460 ex
1137 3422 1190 3473 quo
1241 3423 1273 3461 oc
1299 3422 1338 3462 ers
1367 3408 1448 3464 fuerit
1473 3417 1577 3477 notum,
1604 3417 1870 3476 manifestaverintet

1078 3479 1271 3543 competentem
1288 3475 1402 3531 iudicem
1420 3478 1534 3533 adierint
1551 3487 1578 3534 et
1600 3485 1721 3551 spoliare
1739 3505 1786 3545 eos
1802 3490 1868 3559 dign·

1076 3543 1187 3622 tatibus·
1198 3544 1362 3608 curaverint,
1382 3546 1524 3600 dominium
1542 3563 1633 3604 aarum
1652 3559 1681 3606 et
1697 3555 1742 3611 ius
1761 3564 1868 3627 patrona·

1077 3617 1121 3665 tus
1136 3615 1269 3675 amittant,
1287 3614 1366 3669 uobis
1380 3614 1595 3681 deliberantibus,
1614 3626 1761 3691 postquam
1772 3625 1867 3681 domun

1076 3679 1176 3758 fuerim
1193 3680 1263 3733 servi
1286 3680 1391 3736 liberati
1409 3691 1437 3737 et
1458 3683 1528 3738 iuter
1544 3684 1675 3754 ingenuos
1694 3693 1865 3757 connumerat

1077 3762 1100 3801 u
1118 3753 1225 3815 oportet
1242 3763 1289 3803 eos
1306 3749 1405 3805 babere
1423 3750 1576 3818 dignitatem
1594 3757 1636 3810 vel
1657 3773 1692 3814 es
1708 3764 1784 3830 quasi
1799 3763 1822 3817 in
1837 3763 1864 3802 ’-

1077 3816 1263 3938 nlosospotliari.
1290 3816 1324 3871 Ι).
1339 3817 1365 3873 Ιι.
1382 3818 1456 3891 Sept.
1473 3825 1728 3892 postconsulatum
1742 3761 1864 3903 humidi

1077 3902 1092 3938 c
1146 3901 1226 3938 tusis
1245 3903 1282 3940 uu
1302 3901 1339 3939 cc.
1781 3902 1852 3952 atil

1113 3949 1131 4010 8
1151 3948 1194 4003 9Ὁ
1204 3949 1284 4006 αὐτὸς
1297 3953 1423 4021 βασιλεὺς
1430 3952 1545 4028 &itemqu
1555 3954 1661 4028 κόμητι]
1671 3966 1748 4030 :lunio
1757 3901 1862 4032 [3214an

1078 4017 1192 4086 ἰ[ἃιιιώι·.
1213 4025 1448 4091 asonttrgtofpmw
1449 4063 1511 4078 .....
1522 4026 1532 4095 ΙΙ
1546 4045 1621 4098 παρα
1631 4027 1736 4088 1......
1748 4037 1758 4103 ll
1769 4035 1860 4088 ........i

1079 4127 1155 4141 ......
1166 4110 1256 4141 αιιατο
1268 4093 1277 4158 [l
1291 4087 1307 4155 ἢ
1320 4095 1364 4142 καὶ
1375 4112 1586 4159 ιιιμοιωαιιιαιιιι
1600 4116 1670 4151 κατα
1684 4101 1693 4169 ΙΙ
1705 4099 1859 4175 ...apsumi

1194 4160 1322 4225 l········
1338 4159 1348 4229 l
1368 4181 1496 4215 ·······⁹
1520 4160 1726 4239 tmdbqqmm..
1747 4178 1858 4243 spanum

222 4264 1606 4287 ---——-——--—-———-—-··-—---—---——--

225 4329 255 4387 (tl
273 4324 413 4388 plectentur
431 4323 488 4374 libri
560 4322 592 4385 (t)
611 4326 646 4372 est
670 4324 715 4374 del.
738 4324 869 4375 Mommsen
939 4326 971 4389 (t)
990 4330 1026 4378 cst

225 4395 270 4443 ins.
290 4392 317 4441 K
366 4393 398 4452 (st
416 4406 461 4440 uec
479 4390 513 4450 K,
531 4405 576 4439 nec
593 4407 643 4440 non
663 4393 685 4443 0
736 4395 768 4456 ts)
785 4394 821 4444 sic
838 4390 873 4451 Ii,
890 4392 1026 4446 iussionem

224 4466 332 4508 nostram
349 4459 373 4507 Κ
377 4459 427 4509 01α
470 4461 504 4519 (a)
522 4460 556 4507 sic
574 4461 636 4518 edd,
653 4475 698 4524 pro
715 4461 809 4510 meritis
828 4463 887 4512 b'bri
926 4466 963 4527 (ti
978 4480 1027 4528 qua

224 4528 247 4589 Ι,
266 4543 328 4588 quae
352 4527 424 4575 ado
475 4527 510 4588 (s)
527 4529 562 4575 sic
578 4526 600 4575 V
616 4530 680 4589 dett,
697 4529 806 4592 pertinet
824 4530 875 4580 Ka
927 4533 960 4594 (t)
979 4547 1025 4586 es

225 4599 315 4646 maiora
334 4613 362 4644 ca
377 4605 449 4658 parte
467 4595 550 4643 multila
569 4605 632 4644 extat
650 4598 674 4646 in
698 4597 726 4659 V,
743 4617 809 4661 quern
827 4617 902 4663 supra
922 4605 1026 4669 exscrip-

224 4665 313 4714 simus:
331 4664 493 4727 supplementa
508 4664 758 4726 probabilissima
776 4669 874 4717 runcinus
893 4671 1026 4733 quadratos

225 4733 364 4795 recepimus,
383 4749 464 4780 versus
483 4730 540 4779 iibri
554 4732 576 4779 in
593 4735 703 4795 partibus
717 4734 807 4784 mutilis
824 4736 1025 4801 linev'slldistinci·

226 4817 284 4857 mres,
304 4800 397 4848 litterae
415 4799 540 4857 evanidas,
558 4799 587 4847 dc
605 4818 704 4863 quarum
719 4820 814 4853 numero
833 4817 943 4856 constare
960 4810 1026 4858 vids·

227 4879 273 4928 tar,
291 4867 392 4916 stellulis
406 4867 586 4927 vrurncrauv'mns,
604 4868 696 4933 reliqua
714 4889 776 4935 quae
790 4874 917 4937 perierunt
930 4880 1026 4940 punctis

226 4938 378 5001 espleuivnav.
412 4935 549 4984 accuratius
569 4954 597 4984 cn
616 4939 694 4987 omvvia
712 4940 736 4990 in
754 4941 860 5006 οτιιιιρίο
879 4943 936 4994 iibri
952 4945 1025 4997 Vero-

225 5006 306 5055 nensis
321 5022 348 5068 p.
361 5013 386 5054 ts
407 5003 536 5067 eaprinrara
555 5003 626 5054 licuit
662 5007 768 5058 indexB
778 5011 818 5074 57,
828 5020 846 5071 l,
857 5021 882 5062 tt
892 5013 927 5063 ad
931 5032 971 5079 pr.
992 5022 1004 5075 t
1016 5027 1025 5068 1

227 5074 265 5123 dic
278 5082 326 5121 est:
345 5064 360 5133 ἡ
375 5066 493 5128 διάταξις
502 5062 636 5135 Ἑλληνικὴ
650 5061 717 5123 οὖσα
728 5079 835 5143 βεβαιοῖ
849 5075 898 5143 τὴν
913 5079 1027 5135 noeisrp

225 5141 430 5206 (ne'pnsqucr.)
449 5131 572 5196 διάταξιν
589 5137 683 5191 τούτου
701 5144 747 5194 τοῦ
765 5143 854 5197 cision
872 5145 922 5215 aqu
934 5124 1026 5223 *iuppit-

226 5225 278 5259 σαν
301 5202 404 5272 μηδένα
427 5203 495 5254 κατὰ
517 5203 565 5254 τὸν
588 5203 670 5259 αὐτὸν
692 5210 786 5280 καιρὸν
812 5210 860 5266 iio
885 5227 1027 5288 στρατείας

226 5279 303 5353 ἴκρι’,
322 5273 511 5341 προστιθεῖσα,
530 5267 572 5323 ὅτι
588 5270 671 5328 alten
688 5273 787 5348 ὀφείλει
806 5282 867 5335 οὗτε
885 5295 1027 5407 στρατείας

225 5341 305 5396 &iuris
321 5346 442 5409 pessime
460 5346 503 5390 uni
527 5345 581 5392 ruis·
598 5345 745 5411 τριβούνοις
766 5359 899 5423 τστιιρίοις
927 5378 1026 5425 ’για-τα·

225 5411 361 5483 λέγεσθαι,
390 5419 422 5469 §1
440 5404 560 5460 Ἀτταιτεῖ
576 5405 605 5460 δὲ
618 5410 817 5480 ὑπομνηαιὶτων
830 5433 1027 5483 atcaactmts'utuct

224 5485 340 5533 ἕκαστον·
366 5476 582 5539 κατατίθεσθαι,
614 5487 641 5531 τί
665 5480 717 5549 uiri
734 5505 765 5538 ou
791 5474 942 5563 incdi'yewi
969 5500 1027 5552 τῶν

1077 4328 1230 4399 στρατειῶν
1247 4322 1264 4394 ἢ
1280 4331 1340 4383 τῶν
1356 4324 1528 4399 ἀξιωμάτων,
1551 4326 1677 4405 ὁρίζουσα
1700 4338 1793 4413 χρόνον
1811 4343 1856 4396 mu

1077 4399 1164 4478 τριῶν
1181 4399 1278 4477 pqpa‘iu
1300 4396 1367 4483 perd
1385 4398 1417 4452 τὸ
1440 4402 1543 4472 γνῶναι
1560 4403 1664 4471 ταύτην
1685 4409 1735 4476 τὴν
1751 4408 1855 4474 διάταξιν,

1078 4482 1149 4518 mave
1167 4468 1243 4518 ἐντος
1260 4485 1357 4519 τουτου
1375 4473 1515 4539 προσιέναι
1536 4468 1586 4525 τὸν
1607 4472 1769 4546 βουλόμενον
1784 4483 1809 4532 ἐν
1820 4481 1855 4547 pir

1078 4533 1372 4588 Kosmmoovutlm
1389 4537 1431 4603 aqi
1449 4534 1544 4606 κόμητι
1557 4541 1615 4592 τῶν
1633 4543 1854 4602 susustinetis

1077 4597 1107 4681 dd
1129 4609 1187 4656 arvis
1210 4605 1351 4675 ἐπαρχίαις
1374 4609 1430 4657 τοῖς
1452 4604 1560 4678 ἄρχουσι
1582 4611 1641 4662 τῶν
1664 4588 1853 4689 ἐπαρχιῶι,ἰιιί

1076 4690 1128 4736 aqu
1145 4673 1248 4723 οἰκείαν
1270 4674 1406 4745 φανεροῦν
1429 4681 1587 4748 προαίρεσιν
1612 4683 1650 4745 (id
1666 4697 1714 4736 cst:
1736 4685 1853 4737 monum

1077 4742 1172 4793 Graeca
1196 4742 1326 4793 confimrat
1350 4744 1463 4808 quintam
1487 4746 1562 4796 huius
1585 4748 1655 4800 tituli
1672 4756 1852 4813 constitutiones

1076 4824 1139 4874 quac
1158 4812 1282 4861 nominem
1300 4811 1383 4862 eodem
1402 4815 1511 4879 tempore
1524 4814 1584 4866 duas
1596 4817 1699 4872 militias
1715 4823 1797 4875 habers
1809 4820 1853 4873 dicit

1077 4894 1105 4928 eo
1120 4880 1213 4942 addito,
1231 4881 1335 4945 nequis
1352 4880 1384 4931 nd
1401 4880 1463 4932 alias
1477 4882 1580 4933 militias
1597 4889 1697 4940 accedat
1712 4896 1736 4943 et
1751 4893 1809 4942 inter
1820 4889 1853 4940 tri·

1076 4945 1156 4999 bunos
1180 4949 1291 5000 notarios
1319 4949 1463 5015 recipietur.
1514 4959 1526 5013 t
1551 4965 1560 5005 1
1584 4955 1709 5024 Praecipit
1729 4959 1853 5024 autemut

1076 5018 1153 5082 gestis
1170 5018 1326 5085 interpositis
1343 5021 1514 5084 unusquisque
1532 5020 1651 5088 deponat,
1668 5042 1790 5090 quamnam
1803 5024 1851 5078 nil‘r

1076 5086 1169 5137 tiurum
1187 5088 1227 5138 vol
1245 5088 1398 5152 dignitatum
1416 5089 1551 5154 praeierat,
1574 5092 1649 5143 trium
1672 5112 1775 5148 mersum
1792 5094 1852 5163 spatia

1076 5156 1217 5221 praefinito,
1234 5160 1367 5223 postquam
1384 5157 1415 5221 de
1432 5158 1479 5208 hac
1496 5159 1673 5213 constitutione
1690 5167 1796 5217 certiores
1808 5159 1851 5215 ud

1076 5229 1144 5289 sunt,
1162 5230 1192 5277 ut
1209 5227 1278 5277 iutra
1294 5228 1342 5277 hoc
1356 5226 1400 5291 qui
1414 5225 1522 5278 voluerit
1537 5227 1747 5300 Comtuntinopoli
1762 5233 1850 5285 muita

1077 5311 1160 5346 rerum
1178 5297 1347 5364 privatarum,
1365 5297 1391 5346 in
1410 5295 1545 5360 provinciis
1561 5299 1682 5362 praesides
1696 5302 1850 5369 provinciam

1077 5364 1150 5416 adeat
1172 5371 1198 5417 et
1222 5367 1376 5432 propositum
1401 5380 1474 5414 suurn
1494 5365 1641 5430 mamtcstatt
1710 5373 1752 5436 (rt)
1768 5363 1849 5439 Φίέρφ

1078 5434 1298 5504 ...θεσπίζσμεν
1319 5437 1423 5486 restituit
1440 5434 1580 5487 Zacharias

246 5576 248 5579 ’
267 5568 1849 5621 ’ἵῑῗμῗ-ὶῃἊΝἉ--Ἥ--ᾙΜ-ΖἫ

258 5609 416 5700 xxxiiia
444 5611 528 5692 'litem
546 5616 577 5669 Α.
600 5615 685 5673 Flora
708 5626 798 5680 consiti
821 5646 912 5688 ruurn
929 5639 1027 5716 priua·

225 5693 322 5745 qurum,
364 5683 508 5739 sanamus
518 5724 692 5745 ...........
701 5694 784 5762 pastis
805 5697 835 5754 in
860 5707 906 5760 tuo
924 5707 1026 5767 audino

1080 5645 1257 5726 conficiendis·
1274 5641 1426 5706 declarare,
1438 5645 1539 5720 'ratman-
1551 5639 1751 5724 dipnitctmas
1764 5639 1846 5723 quob!

1079 5713 1204 5771 nnltnam
1216 5713 1394 5791 praeferant,
1412 5715 1440 5767 ct
1451 5725 1475 5766 n
1490 5709 1845 5783 quaa...amm
