3832 6126
90 249 339 298 imicmoaians
775 223 816 296 95
1560 234 1592 299 II
1614 237 1632 298 l

90 429 110 467 r.
142 428 177 467 ex
194 429 248 481 qua
266 429 349 468 cansa
365 413 390 467 si
405 413 488 467 tisco'
508 411 637 475 solusses,
656 419 776 481 repetere
862 411 900 467 10
927 411 969 465 Im
991 455 996 465 .
1024 411 1169 484 Philippus
1195 413 1225 466 A.
1247 413 1472 486 Apollophaniric.
1531 415 1633 470 Fratris

90 497 138 535 ies:
152 482 196 534 si'
210 498 264 535 non
280 482 428 546 solvisses³‚
443 481 694 535 inreconienireris.
718 480 774 533 ΡΙ).
826 481 866 533 tui
884 481 945 535 liliis
979 486 1124 550 epaterna
1142 482 1311 536 successione
1329 499 1360 536 ac
1376 490 1447 535 statu
1464 484 1542 536 etiam
1561 501 1632 537 nunc

91 566 130 619 up.
141 550 281 602 Antonino
291 549 322 602 A.
333 557 422 602 iniret
433 548 550 602 Balbino
560 565 646 602 conss.
671 554 705 613 [a.
717 553 775 611 213]
827 555 921 601 contm
937 547 1015 602 iidem
1033 549 1169 616 saiiguinis
1187 550 1300 618 itemque
1323 551 1479 618 placitorum
1498 551 1631 617 quaestio-

90 635 114 687 p.
138 616 298 670 ,laeander
321 618 352 669 A.
379 615 487 669 Tulliae.
529 619 586 684 Age
610 632 670 669 cuni
688 614 776 670 Genii·
826 632 886 670 nem
909 615 1008 670 inferre
1031 631 1124 695 parum
1148 617 1232 684 probe
1255 619 1383 686 postulas.
1424 619 1512 671 nullus
1537 619 1633 673 etenim

90 683 155 749 qnod
178 690 258 751 pater
279 684 337 737 dns
364 690 473 737 curator
494 684 544 736 tibi
568 685 648 737 datus
671 684 777 751 negotia
826 683 877 737 erit
894 683 980 736 litium
996 683 1067 746 finis,
1086 684 1109 737 si
1126 699 1143 738 a
1160 685 1385 739 transactionibus
1400 686 1471 738 bona
1484 685 1536 739 tide
1550 686 1633 740 inter·

90 752 160 808 ierit.
183 758 212 804 et
232 752 255 804 si
279 751 353 819 apud
369 751 484 805 iudicem
501 752 609 818 negabit
624 766 654 805 se
670 750 777 804 annone
862 751 920 804 sitis
944 752 1062 820 coeperit
1085 751 1163 806 lacile
1186 752 1293 806 discedi.
1337 751 1392 806 ΡΙ).
1407 753 1480 824 prid.
1500 752 1525 805 lc.
1545 753 1631 824 April.

90 818 195 871 aoniam
204 820 350 872 transactio
363 819 537 886 etAquiliana
549 819 685 887 stipulatio
695 818 776 871 inter·
826 767 978 888 1iocrcpiiuo
995 827 1022 872 et
1039 819 1190 874 Annicinno
1208 836 1294 873 corus.
1518 826 1551 884 [a.
1572 825 1630 883 illl

90 885 207 950 uindex
217 887 441 954 contemplatione
456 886 545 940 iudicii
556 886 627 955 quod
639 891 680 940 est
691 886 777 940 bonae
863 884 897 940 11
920 884 1007 957 Imp.
1034 884 1195 940 Valerianus
1216 896 1244 941 et
1267 885 1406 941 Gallienus
1429 888 1483 939 AA.
1507 894 1534 941 ct
1558 886 1634 941 Vale·

90 959 170 1011 aeret.
191 953 224 1006 de
248 961 349 1021 quanta
371 955 486 1023 pecunia
508 955 662 1007 nominatim
689 957 776 1006 trans-
826 953 922 1005 danus
938 969 975 1006 no
998 953 1120 1007 'limatus
1138 955 1239 1008 tbcsar
1257 954 1363 1007 Gaiano
1380 955 1465 1007 militi.
1502 954 1542 1008 De
1559 954 1633 1008 fidei-

90 1021 129 1073 iit:
157 1027 184 1073 et
210 1021 232 1073 si
253 1023 409 1089 apparuerit
431 1022 465 1074 de
485 1022 587 1075 minore
603 1026 776 1081 transactum,
828 1021 968 1074 commisso
991 1037 1008 1075 a
1030 1028 1106 1089 patre
1124 1023 1193 1074 inter
1209 1029 1236 1074 te
1256 1030 1283 1074 et
1300 1023 1410 1075 fratrem
1427 1022 1543 1075 vicissim
1561 1022 1633 1086 dato,

90 1088 249 1155 ipecnniain
266 1089 394 1156 reliquam
404 1104 437 1142 ex
455 1090 683 1143 administratione
699 1103 778 1141 curae
827 1088 850 1140 si
874 1088 942 1141 alter
965 1094 1080 1142 restmm
1104 1089 1160 1142 sine
1183 1089 1271 1142 liberis
1296 1090 1440 1142 excesserit
1462 1090 1528 1154 sita,
1553 1091 1634 1144 inter·

91 1156 313 1217 robatnmiuerit,
332 1158 503 1210 soliereeum
519 1157 628 1219 iubebit,
642 1155 778 1223 quodnou
827 1156 915 1223 posita
937 1156 1083 1210 transactio
1105 1164 1165 1209 rata
1188 1166 1242 1211 est.
1265 1173 1325 1209 cum
1352 1157 1465 1209 fratrum
1492 1158 1635 1211 concordia

90 1222 206 1276 natione
265 1223 433 1291 Aquilianam
473 1224 640 1291 obligationis
679 1225 778 1276 curae*
827 1229 929 1277 remoto
953 1222 1102 1292 captandae
1124 1225 1216 1277 mortis
1244 1225 1350 1277 alterius
1378 1232 1438 1277 roto
1464 1224 1635 1291 improbabili

94 1289 212 1343 dedam
257 1299 310 1352 est,
334 1292 442 1358 quantit
469 1297 527 1344 erat
544 1291 678 1359 quantitas
696 1306 777 1358 pecu·
827 1290 964 1343 retinetur.
1000 1298 1027 1343 et
1044 1306 1097 1343 non
1115 1298 1204 1359 potest
1221 1306 1253 1344 eo
1271 1306 1336 1344 casu
1353 1291 1476 1355 rescindi,
1500 1300 1634 1359 tamqnam

90 1372 111 1410 ie
129 1356 287 1411 debebatur.
323 1357 356 1411 li.
370 1358 445 1429 prid.
467 1357 503 1411 id.
522 1361 591 1429 Aug.
610 1357 733 1412 Monimo
753 1370 780 1410 11
828 1358 1023 1410 circumuentus
1047 1359 1097 1421 sis,
1122 1375 1182 1411 cum
1206 1362 1285 1426 pacto
1308 1359 1356 1410 tali
1376 1359 1549 1421 consenseris,
1575 1376 1634 1413 cnm

90 1441 124 1478 no
142 1441 232 1478 corus.
664 1430 697 1489 [a.
717 1429 777 1488 223]
827 1440 913 1493 neque
931 1440 989 1478 eam
1007 1426 1049 1478 cui
1067 1426 1199 1479 subveniri
1218 1426 1285 1479 solet
1302 1431 1416 1479 aetatem
1435 1441 1513 1493 agere
1530 1433 1557 1479 te
1568 1443 1635 1508 pro·

90 1509 121 1543 ni
143 1492 175 1545 A.
196 1491 332 1546 Nunudio.
373 1492 487 1545 Actione
511 1492 709 1545 administratae
731 1509 778 1545 cu·
828 1508 914 1562 ponas
931 1507 990 1554 nec,
1015 1493 1037 1546 si
1055 1508 1154 1558 ageres,
1177 1493 1260 1547 isdem
1283 1494 1335 1546 illis
1359 1493 1392 1545 de
1415 1494 1502 1548 causis
1520 1494 1549 1546 in
1567 1501 1634 1547 inte·

90 1574 127 1619 so,
152 1559 198 1627 qni
216 1559 349 1626 legitimae
366 1561 463 1613 aetatis
481 1575 565 1613 annos
584 1560 732 1628 complosit.
751 1560 778 1612 in
827 1575 903 1627 mum
920 1560 1096 1613 restitutionis
1115 1561 1240 1614 arixilium
1259 1561 1399 1630 impetrare
1422 1560 1541 1614 deberes.
1577 1560 1634 1615 ΡΡ.

90 1641 135 1679 am
160 1626 360 1695 stipulationem
384 1627 500 1681 deducta
524 1633 551 1680 et
570 1644 618 1695 per
635 1627 778 1696 acceptila-
829 1641 872 1680 rr
891 1625 917 1681 lc.
942 1625 1006 1681 nec.
1032 1627 1178 1681 l'aleiiano
1200 1637 1226 1682 et
1245 1627 1368 1681 Gallieno
1391 1631 1446 1681 AA.
1469 1629 1592 1698 utrisque
1611 1643 1637 1682 ιι

90 1695 207 1747 extincta
224 1694 324 1747 nnllam
343 1693 422 1748 aliam
441 1711 472 1749 su
493 1711 580 1749 cresse
598 1695 649 1748 uisi
665 1696 698 1748 do
717 1696 778 1749 dolo
828 1710 916 1748 conss.
1521 1702 1554 1760 [a.
1574 1700 1633 1759 its]

90 1777 190 1815 insessa
213 1768 335 1829 tempora
359 1778 412 1816 non
429 1712 583 1829 ambigitur,
608 1763 658 1816 nisi
676 1763 778 1831 specia-
862 1758 904 1817 12
925 1760 1023 1815 “Idem
1040 1763 1095 1814 AA.
1115 1760 1216 1816 Primo.
1256 1763 1368 1818 Praeses
1386 1763 1538 1831 provinciae
1555 1763 1634 1818 tosti

90 1845 132 1881 am
157 1829 190 1882 de
216 1828 278 1882 dolo
304 1834 471 1883 namnetum
498 1839 545 1883 est.
591 1829 646 1883 Pl’.
666 1844 692 1882 ιι
715 1847 777 1882 sion.
827 1829 924 1894 mabit,
950 1836 1037 1882 utruin
1063 1829 1097 1882 de
1120 1829 1201 1882 dubia
1228 1830 1274 1884 lite
1296 1831 1444 1885 transactio
1467 1831 1537 1884 inter
1559 1835 1586 1884 te
1609 1834 1636 1884 et

90 1895 231 1951 [leucadio
249 1896 280 1949 A.
300 1911 328 1950 11
343 1905 370 1951 et
387 1896 520 1951 lilarccllo
538 1913 624 1950 ciiuss.
666 1903 699 1961 [a.
719 1901 778 1959 226]
828 1897 943 1951 civitatis
961 1905 1023 1950 tuae
1041 1896 1268 1951 administratores
1286 1898 1359 1951 lacta
1375 1899 1417 1958 sit,
1442 1913 1477 1951 an
1495 1898 1635 1952 ambItiose

90 1980 119 2016 in
143 1964 168 2017 A
169 2006 278 2017 .....
301 1972 421 2019 morato.
469 1965 535 2018 Cum
564 1972 591 2018 te
616 1966 778 2032 transegisse
828 1963 864 2029 itl,
883 1963 955 2032 quod
970 1963 1118 2017 indubitate
1136 1965 1226 2019 deberi
1235 1974 1334 2033 posset,
1352 1965 1490 2018 remissum
1503 1965 1545 2018 sit.
1572 1980 1636 2018 nani

90 2032 149 2084 rede
172 2031 306 2100 qnondam
330 2032 426 2086 tutoris
456 2033 495 2085 tui
521 2032 683 2101 profitearis,
706 2033 728 2084 si
752 2031 778 2084 id
828 2032 915 2100 priore
947 2046 1012 2085 casn
1043 2039 1128 2085 ratam
1160 2048 1266 2086 manere
1292 2034 1499 2087 transactionem
1525 2032 1635 2096 iubebit,

90 2099 189 2152 itimam
208 2104 322 2153 aetam
340 2099 435 2166 iecisti,
462 2100 563 2154 frustra
581 2099 724 2163 desideras,
749 2104 779 2152 ut
865 2099 1188 2153 steriorenocereciiitati
1245 2100 1338 2153 tiani¹²
1353 2117 1407 2154 nou
1420 2100 1495 2154 sinet.
1514 2098 1570 2154 PP.
1583 2114 1637 2154 rii

90 2166 287 2222 isreeedatur.
328 2168 392 2222 iicet
409 2169 493 2232 emm,
512 2176 542 2220 ut
560 2169 695 2235 proponis,
717 2166 778 2219 nul·
849 2164 955 2219 ‚Mart
974 2168 1124 2220 Aemiliano
1142 2175 1169 2220 ct
1213 2183 1276 2220 asso
1294 2183 1380 2221 corias.
1523 2172 1557 2233 [a.
1576 2172 1636 2231 tte]

91 2237 254 2287 trumentum
280 2235 474 2298 intercesserit,
501 2242 591 2288 tamen
612 2236 636 2288 si
659 2235 692 2288 de
709 2233 777 2287 fidet
867 2230 903 2290 13
928 2231 1016 2305 linpp.
1035 2233 1222 2288 Diocletianus
1243 2243 1271 2288 ct
1287 2233 1475 2289 Marinianio
1492 2237 1548 2289 AA.
1567 2233 1637 2290 Pto-

90 2317 123 2354 us
146 2302 315 2356 confusione
338 2310 386 2356 tua
409 2309 527 2367 constet,
551 2302 691 2370 scriptura,
710 2316 778 2370 quae
829 2300 894 2355 ciac.
936 2301 1110 2370 Interpositas
1136 2309 1223 2355 metus
1247 2318 1329 2356 causa
1351 2304 1546 2357 transactiones
1563 2308 1636 2357 ratas

90 2384 152 2422 nem
170 2370 390 2438 reigestaesolet
401 2371 546 2433 continere,
564 2370 717 2424 necessaria
726 2386 780 2422 non
829 2383 883 2422 non
904 2368 997 2422 baberi
1020 2368 1106 2422 edicto
1130 2377 1259 2438 perpetuo
1284 2371 1442 2424 continetur.
1481 2385 1530 2424 nec
1548 2376 1636 2424 tamen

90 2435 108 2488 i’.
119 2435 145 2488 lc.
156 2435 240 2490 Mart.
250 2437 347 2491 Albino
364 2439 549 2492 etAmniliano
559 2454 645 2491 coins.
674 2436 778 2505 [atti]
829 2434 940 2504 quilibet
964 2440 1051 2489 metus
1077 2436 1112 2489 ad
1137 2437 1312 2491 rescindenda
1336 2453 1382 2500 ea,
1409 2451 1478 2506 quae
1505 2453 1636 2492 consensu

90 2520 115 2556 ni
129 2505 160 2556 A.
176 2503 344 2575 Poniponiis.
380 2505 448 2559 Cum
466 2514 538 2558 mota
555 2505 698 2559 inofficiosi
715 2520 779 2585 que·
828 2503 970 2558 terminata
997 2512 1072 2565 snut,
1098 2503 1210 2567 sufficit,
1239 2505 1285 2559 sed
1311 2506 1391 2558 talem
1411 2513 1510 2558 metum
1528 2506 1637 2573 probari

90 2577 169 2624 tuem
186 2579 304 2625 vestram
321 2588 381 2625 curn
399 2573 505 2627 diversa
524 2580 602 2642 parte
619 2580 780 2639 transegisse
830 2577 944 2638 oportet,
962 2572 1006 2640 qui
1024 2571 1119 2625 amotis
1137 2572 1335 2651 periculumvel
1354 2589 1401 2627 cor
1420 2574 1474 2626 oris
1489 2572 1635 2626 cruciatum

90 2646 183 2693 tartem
200 2640 332 2693 bonorum
350 2639 499 2709 susciperet
518 2647 546 2693 et
563 2656 580 2692 a
598 2640 643 2693 lite
661 2638 779 2693 discede·
831 2645 841 2693 t
880 2637 1022 2692 conanus
1064 2638 1106 2692 Ad
1128 2655 1179 2691 nm
1200 2646 1289 2692 tamur
1307 2640 1348 2693 vel
1366 2590 1455 2694 doium
1472 2655 1504 2693 ar
1540 2640 1636 2693 endum

90 2707 216 2775 sponsatis,
249 2708 392 2761 instaurari
437 2708 522 2761 uidem
548 2708 629 2761 semel
655 2707 779 2761 omissam
829 2707 944 2774 qualitas
969 2720 1066 2760 musae
1089 2707 1243 2774 principalis
1261 2723 1314 2761 non
1333 2708 1445 2760 suflicit:
1470 2724 1505 2760 un
1525 2724 1540 2761 e
1558 2708 1580 2760 si
1597 2707 1637 2760 ni·

90 2791 111 2827 ut
128 2790 178 2842 per
194 2790 257 2837 vos,
294 2776 320 2828 ui
336 2777 415 2828 matri
452 2775 542 2828 eredes
560 2775 697 2838 extitistis,
715 2774 779 2827 iuris
829 2773 868 2827 hil
890 2773 945 2826 tale
967 2774 1076 2842 probari
1094 2780 1190 2841 potest,
1214 2790 1345 2827 consensu
1363 2774 1530 2842 quaestiones
1547 2774 1637 2827 termi-

107 2858 163 2895 non
181 2843 252 2895 sinit.
302 2843 387 2896 'erum
405 2843 428 2895 si
445 2843 511 2896 tides
529 2843 633 2910 placitis
652 2842 780 2910 praestita
830 2845 845 2894 2
886 2847 965 2895 natm
987 2841 1093 2893 minime
1114 2842 1257 2894 instaurari
1281 2846 1394 2910 oportet.
1438 2842 1491 2895 Sed
1514 2841 1635 2909 quoniam

90 2949 95 2970 ,
118 2910 146 2962 iri
168 2909 196 2963 id
214 2909 286 2977 qnod
303 2910 414 2963 interest
437 2909 567 2963 diuersam
585 2917 688 2978 partem
707 2914 779 2963 recte
828 2923 901 2973 eum,
924 2923 985 2962 cum
1008 2922 1060 2973 quo
1085 2916 1111 2960 te
1135 2910 1295 2976 transegisse
1313 2925 1514 2970 commemoras,
1538 2924 1571 2962 ex
1588 2924 1637 2961 an-

90 2976 143 3031 itia:
167 2982 216 3030 aut
233 2977 311 3035 enim.
334 2978 358 3030 si
375 2978 512 3045 stipulatio
531 2976 699 3031 conventioni
716 2978 779 3030 sub·
825 2974 887 3029 oilla
901 2977 950 3027 tna
964 2981 1056 3026 natum
1070 2977 1205 3026 serrum³³
1220 2991 1278 3028 esse
1292 2976 1442 3037 adseveras,
1457 2976 1551 3030 sivero
1564 2982 1635 3034 mint,

90 3086 96 3110 ,
120 3060 155 3099 ex
172 3044 303 3113 stipulatu
321 3046 391 3098 actio
410 3045 545 3123 competit,
570 3051 625 3103 aut,
643 3045 665 3097 si
683 3045 781 3097 omissa
829 3056 898 3111 quae
915 3043 1039 3112 precibus
1057 3045 1195 3116 complexa
1212 3056 1248 3104 es,
1272 3041 1410 3093 alteratio
1428 3046 1535 3108 pactum
1553 3040 1636 3093 reior-

90 3112 255 3179 nobligatio
274 3119 323 3173 est,
342 3112 413 3164 utilis
427 3118 506 3175 actio,
525 3127 593 3181 qnae
607 3111 779 3179 praescriptis
828 3115 898 3163 mat:
921 3125 972 3164 uec
994 3110 1064 3163 enim
1087 3108 1161 3162 dubii
1184 3109 1251 3160 iuris
1273 3116 1315 3161 est
1338 3106 1459 3161 dominos
1477 3123 1537 3160 cum
1555 3107 1637 3160 seriis

90 3195 128 3234 em
146 3188 250 3247 gestam
268 3180 440 3243 demonstrat,
460 3180 548 3234 danda
564 3186 613 3233 est.
650 3177 705 3233 Pe.
724 3192 781 3232 rui
829 3179 884 3231 suis
910 3178 1076 3246 paciscentes
1102 3193 1134 3230 er
1161 3175 1266 3243 placitis
1297 3175 1382 3228 teneri
1413 3179 1493 3243 atque
1524 3173 1638 3242 obligari

100 3248 235 3318 Agricola
252 3256 279 3300 ct
297 3246 428 3300 clemente
445 3264 531 3301 coiiss.
666 3251 700 3310 [a.
720 3250 779 3309 230]
828 3261 882 3298 non
905 3259 993 3313 posse.
1033 3243 1061 3298 S.
1082 3257 1137 3297 uir
1158 3260 1221 3296 iton.
1239 3242 1326 3314 April.
1354 3241 1485 3312 Byzantii
1505 3241 1574 3312 ipsis
1583 3254 1639 3296 1111

90 3333 122 3387 p.
143 3312 300 3368 Gordianus
313 3316 343 3367 A.
364 3314 469 3368 Liciiiio
487 3313 623 3367 iiiiiotieo
643 3315 778 3368 ccccmo&
828 3316 855 3366 et
873 3311 986 3366 111AA.
1004 3326 1090 3365 conss.
1524 3313 1558 3374 [a.
1577 3312 1637 3371 220]

90 3383 171 3438 tionis
189 3382 317 3450 placitum
339 3383 373 3434 ab
392 3398 423 3436 eo
441 3382 636 3450 interpositum,
655 3381 698 3435 cni
716 3397 779 3435 cau·
867 3376 904 3434 14
927 3376 1004 3433 laen
1020 3379 1076 3432 AA.
1096 3378 1239 3449 Sopatrus.
1282 3377 1310 3430 Si
1332 3376 1436 3431 diverse
1458 3391 1522 3444 pars
1545 3381 1639 3430 contra

90 3451 184 3514 briem,
210 3465 263 3503 non
290 3450 449 3502 decisionem
472 3450 526 3504 litis
550 3449 691 3514 mandasti,
715 3448 780 3502 nihil
828 3446 957 3516 placitum
974 3460 1052 3515 agere
1069 3446 1170 3508 nititur,
1189 3444 1331 3565 reputatis
1349 3445 1418 3498 ratio
1436 3443 1530 3498 suadet
1548 3442 1638 3497 refusa

105 3523 171 3571 tuae
189 3516 331 3584 derogarit.
368 3516 423 3570 Pe.
436 3532 456 3570 r
472 3516 498 3570 li.
519 3515 577 3570 lari.
597 3516 648 3570 lt'o
666 3524 694 3570 ct
708 3515 779 3569 l’on-
829 3513 951 3582 moenia,
978 3529 1038 3567 cum
1060 3522 1087 3567 et
1109 3519 1139 3565 tn
1157 3512 1208 3566 hoc
1245 3512 1369 3574 endecas,
1393 3527 1502 3566 causam
1519 3526 1554 3565 ex
1571 3511 1637 3564 inte·

90 3601 150 3639 ossa
667 3589 701 3647 [a.
720 3587 779 3647 238]
828 3597 877 3649 gro
900 3581 950 3648 agi.
992 3580 1048 3634 PP.
1067 3595 1122 3634 iiii
1143 3597 1206 3632 riou
1227 3579 1278 3632 lul.
1304 3580 1372 3650 ipsis
1393 3593 1448 3632 iiii
1469 3587 1497 3633 et
1518 3592 1559 3631 111
1581 3578 1637 3631 AA.

90 3670 116 3705 m
135 3655 166 3705 A.
188 3651 268 3704 luido
287 3653 372 3705 nuiliti.
415 3651 456 3704 De
479 3652 611 3705 alimentis
629 3651 780 3720 praeteritis
830 3664 916 3702 corias.
1525 3648 1558 3712 [a.
1579 3648 1637 3708 290]

90 3720 133 3774 tio
157 3719 289 3783 defertur,
314 3720 425 3798 transigi
442 3726 539 3788 potest,
564 3720 598 3773 de
615 3718 714 3772 futuris
731 3734 779 3770 au·
867 3714 903 3771 15
929 3712 1003 3769 Idem
1024 3717 1080 3768 AA.
1105 3715 1213 3770 l’oiitio.
1254 3715 1290 3767 Ut
1313 3728 1470 3782 responsum
1492 3728 1637 3792 congruum

90 3793 239 3857 >praetore
257 3803 304 3841 seu
322 3787 443 3856 praeside
460 3789 516 3841 inte
550 3787 619 3840 osita
632 3786 779 3840 transactio
829 3784 952 3851 accipere
969 3783 1064 3850 possis,
1081 3783 1170 3836 insere
1207 3783 1259 3835 acti
1275 3782 1436 3861 exemplum:
1455 3781 1494 3833 ita
1510 3795 1580 3834 enim
1598 3780 1637 3832 in·

90 3855 224 3909 .ctoritate
241 3855 307 3908 iuris
326 3862 456 3908 censetur.
499 3854 525 3906 P
541 3857 555 3907 ².
575 3868 651 3907 ,iiiii
673 3853 699 3907 lc.
719 3852 778 3906 Ian.
830 3852 1021 3918 tellegemns¹'¹‚
1048 3855 1135 3903 utmim
1160 3800 1218 3904 scia
1244 3856 1381 3903 conventio
1409 3848 1471 3912 luit,
1498 3863 1533 3901 an
1559 3847 1638 3900 etiam

90 3939 111 3977 o
130 3925 161 3976 A.
184 3932 210 3975 el
228 3924 324 3976 Ariola
342 3939 429 3976 caius.
667 3926 701 3985 [a.
721 3925 780 3985 233]
830 3919 973 3986 Aquiliana
995 3917 1135 3986 stipulatio
1159 3933 1207 3970 nec
1231 3933 1284 3969 non
1306 3926 1333 3969 et
1357 3914 1526 3984 acceptilatio
1546 3920 1638 3968 secuta

90 4008 125 4045 nn
159 3991 190 4042 A.
222 3990 384 4061 Agrippino.
433 3989 461 4042 Si
492 4004 574 4058 snper
603 3989 780 4057 possessione,
829 3985 925 4040 fuerit:
951 4000 1018 4053 quae
1041 3985 1064 4038 si
1082 3985 1189 4038 subdita
1209 4000 1268 4038 esse
1286 3984 1409 4047 illuxerit,
1428 3982 1527 4036 nubam
1545 3982 1638 4036 adim·

90 4059 110 4111 ii
133 4058 255 4125 quaesita
277 4067 332 4121 est,
363 4073 423 4110 cuin
447 4057 627 4125 quaestionem
652 4055 780 4125 patereris
830 4053 917 4109 sariae
935 4058 997 4106 tuae
1014 4053 1168 4121 petitionem
1186 4051 1340 4105 hereditatis
1358 4051 1399 4104 vel
1417 4051 1444 4102 in
1462 4065 1517 4104 rein
1534 4050 1638 4126 specia-

102 4125 196 4179 uxoris
214 4132 287 4187 tuae,
305 4129 412 4194 pactum
432 4132 588 4178 conventum
604 4132 631 4178 et
644 4124 780 4204 stipulatio
830 4122 881 4175 lein
898 4129 1049 4190 competere
1065 4121 1154 4188 palam
1171 4120 1224 4173 fiet.
1259 4114 1314 4172 PP.
1326 4133 1369 4171 nr
1382 4116 1408 4170 lc.
1421 4119 1488 4188 Aiip.
1507 4117 1576 4187 ipsis
1585 4130 1640 4169 1111

90 4209 120 4255 ia,
147 4199 178 4245 ut
204 4192 321 4258 adlegaa‚
347 4192 506 4260 interposita
523 4199 578 4255 est,
605 4198 647 4256 nt,
671 4207 694 4245 si
711 4192 781 4245 intra
830 4197 856 4242 et
874 4189 986 4242 111AA.
1005 4205 1092 4242 conss.
1239 4253 1245 4264 .
1487 4251 1493 4262 .
1525 4188 1559 4247 [a.
1578 4188 1637 4247 230]

90 4268 165 4314 mum
188 4260 258 4313 idern
276 4260 442 4313 aduersarius
465 4260 548 4314 tuus⁰
570 4259 661 4313 decem
685 4273 780 4312 aureos
867 4252 904 4312 16
922 4254 996 4309 Idem
1008 4255 1063 4308 AA.
1074 4264 1100 4308 ct
1110 4253 1156 4308 CC.
1166 4252 1289 4307 tiiectlio.
1313 4253 1415 4306 Causas
1426 4252 1466 4305 rel
1475 4251 1535 4305 lites
1550 4256 1637 4304 uana-

90 4335 225 4392 amasset,
252 4328 422 4396 possessione
434 4329 453 4359 '⁰
479 4326 503 4380 ei
530 4327 652 4388 cederes,
678 4327 731 4389 rel,
758 4326 780 4378 si
830 4323 981 4377 actionibus
996 4322 1119 4390 legitimis
1135 4321 1244 4374 finitas'
1291 4320 1367 4374 eriali
1381 4320 1510 4387 rescripto
1524 4318 1638 4372 resusci-

90 4411 144 4450 irre
162 4396 337 4463 quantitatem
355 4412 408 4449 non
426 4402 555 4458 curasset,
572 4394 684 4447 ulterius
699 4408 779 4462 quae·
829 4391 881 4444 tari
899 4407 952 4444 non
970 4397 1085 4458 oportet.
1121 4389 1148 4443 S.
1164 4403 1182 4440 r
1195 4388 1230 4441 id.
1250 4337 1333 4442 nitri.
1352 4388 1504 4441 AA.couss.
1534 4391 1567 4450 [a.
1579 4390 1637 4449 293]

98 4479 154 4517 non
171 4463 318 4531 patereris,
341 4468 369 4516 et
391 4463 413 4516 is
439 4463 484 4530 qui
502 4463 540 4516 ita
557 4460 701 4530 spopondit
717 4476 779 4528 pro·
867 4454 904 4514 17
933 4457 1006 4511 Idem
1033 4457 1088 4509 AA.
1116 4465 1143 4510 et
1167 4455 1213 4509 CO.
1232 4454 1372 4509 Marcella.
1417 4455 1484 4506 Cum
1504 4467 1639 4522 proponas

90 4532 141 4585 atis
162 4547 219 4584 non
242 4530 320 4597 fecit,
344 4545 510 4599 consequens
533 4536 574 4584 est
596 4537 624 4583 te
647 4528 681 4581 ad
703 4543 780 4597 quem
829 4527 864 4580 ab
891 4541 937 4591 ea,
963 4531 1057 4578 contra
1083 4539 1162 4592 quam
1186 4522 1336 4591 supplicas,
1360 4522 1431 4575 Ιίιειιι
1454 4536 1533 4588 quam
1550 4529 1639 4575 tecum

90 4599 152 4654 ieet
174 4599 227 4653 vim
249 4599 284 4653 ab
308 4614 340 4653 eo
363 4599 421 4667 pati
445 4613 497 4651 non
515 4598 624 4651 debere:
647 4595 724 4650 cuius
741 4596 780 4650 rei
829 4594 925 4648 habuit
948 4592 1129 4646 transactione
1154 4590 1271 4645 decisam
1294 4588 1547 4710 eninipenacoeptis
1570 4603 1640 4656 qnae

90 4665 119 4723 ir
141 4666 304 4721 clarissimus
326 4678 435 4735 praeses
460 4665 612 4734 provinciae
628 4663 779 4732 interpella·
830 4661 929 4729 negoti
946 4659 1084 4713 dirimendi
1102 4674 1184 4713 cansa
1202 4659 1341 4726 placuerat
1379 4672 1418 4709 ari
1435 4672 1506 4735 nnnc
1525 4656 1557 4710 de
1575 4671 1639 4735 con-

99 4735 269 4807 probibebit,
293 4734 437 4802 praecipue
456 4750 529 4799 cum,
552 4732 657 4786 etiamsi
679 4732 707 4784 in
724 4746 780 4785 rem
830 4729 953 4783 vennone
970 4727 1113 4792 resiluisse,
1132 4741 1164 4780 ac
1181 4732 1258 4794 pet-as
1274 4725 1314 4778 vel
1329 4730 1409 4793 pacto
1425 4734 1492 4776 stari
1507 4724 1547 4776 rel
1561 4729 1639 4777 resti-

108 4803 183 4873 parti
200 4803 272 4856 actio
291 4807 465 4871 competeret,
490 4799 639 4854 huiusmodi
656 4799 779 4867 pactione
831 4797 871 4852 tui
888 4796 965 4859 data,
988 4795 1126 4876 perspicis,
1150 4794 1173 4848 si
1192 4793 1297 4872 quidem
1314 4792 1347 4871 de
1365 4791 1406 4844 his
1425 4790 1565 4871 reddendis
1583 4806 1639 4869 ma3

90 4871 182 4927 utilein
191 4871 372 4939 exceptionem
406 4868 646 4923 ossetsubmoier'i
673 4864 730 4920 PP.
751 4880 782 4919 rr
830 4871 910 4918 nente
935 4863 1124 4916 uanmctronis
1151 4859 1250 4941 placito
1280 4864 1370 4938 statim
1401 4859 1586 4940 stipulatione,
1617 4875 1639 4940 ιι

90 4938 107 4995 i,
116 4936 258 4994 Gordium
268 4940 299 4991 A.
311 4951 339 4990 η
349 4944 375 4991 et
410 4937 552 5007 onipeiano
568 4950 655 4989 corus.
675 4938 779 4998 [0241]
832 4939 926 4987 contra
943 4930 1045 4995 iecerit,
1063 4929 1224 4999 prospexisti
1241 4935 1269 4981 et
1286 4941 1401 4995 quinque
1418 4932 1545 4993 etriginti
1561 4941 1639 4979 annis

90 5126 137 5163 nc
151 5128 231 5162 uaccin
252 5109 398 5160 natenius
415 5109 489 5169 (ΒΣ)
512 5109 614 5158 adnotat
631 5109 780 5159 constitutio·
831 5107 872 5167 (u)
897 5105 920 5154 l.
944 5122 962 5154 c.
988 5103 1119 5169 composita
1142 5102 1237 5151 videtur
1259 5117 1288 5149 en
1311 5098 1408 5148 duabus
1426 5097 1640 5156 constitutionibus,

90 5192 145 5261 qe
161 5179 356 5244 compilatoribus
374 5179 469 5253 innatatis
480 5176 633 5252 'quidusdam
649 5175 781 5256 simplicia
832 5190 933 5238 quarum
951 5171 1030 5222 altera
1047 5180 1121 5247 atat.
1131 5171 1155 5219 in
1167 5166 1272 5217 Consule
1292 5168 1362 5243 9,tti
1380 5164 1459 5243 impp.
1469 5163 1639 5280 Vaitotntiatltl.

90 5244 159 5377 tn
175 5264 226 5296 “⁸⁰
266 5312 300 5376 o
317 5243 781 5374 constantinia:
831 5236 1150 5382 033330ιὲ323
1167 5237 1270 5362 itm:
1291 5246 1641 5377 ttitttsnfqtiln

90 5378 137 5443 iF,
152 5394 209 5469 non
221 5378 333 5430 solvisset
348 5383 432 5428 minen
443 5379 487 5428 CR
545 5377 579 5440 (t)
597 5377 680 5429 sicR⁰
695 5396 745 5428 cum
756 5377 781 5426 B
832 5392 858 5452 re
876 5374 986 5424 iudicata
1002 5387 1094 5438 pacisci
1112 5387 1184 5420 nemo
1201 5372 1289 5450 potest.
1321 5369 1371 5418 PP.
1389 5383 1421 5416 ιιι
1439 5367 1467 5484 ἓ
1482 5367 1640 5484 1ΕὲΘέοἘ-

90 5445 290 5581 waifari,
305 5446 559 5579 ιὲῗιῗῖῗῗιὲιᾰῗι
578 5445 782 5578 aazias
831 5442 1148 5574 ffiiseiiuiiiiiffim
1166 5433 1486 5567 nin'c‘itiii‘i'inli
1538 5503 1582 5567 (ιι)
1600 5470 1640 5551 ιι]

90 5582 151 5702 ,οὲ
160 5582 399 5716 ἳκιιιιζὲιῗοοὲοοέἓο
411 5581 783 5713 Grei'i'osssosiissoneiiiiiii
832 5575 972 5642 tellegimus
989 5577 1047 5627 libri
1063 5585 1147 5626 sonmo
1166 5574 1192 5625 B
1209 5574 1243 5637 (a.
1261 5574 1302 5636 it.)
