3832 6126
121 331 149 377 ns
162 329 255 378 ιιιιιι
274 328 359 378 soen
378 329 421 376 rer
440 327 669 376 mssrosrsus
759 303 1059 413 ——t-sj*
1550 304 1598 370 111
1625 309 1675 371 st.
1698 309 1737 370 43

120 495 146 547 rui
157 498 295 573 oportuerat
311 498 339 573 te
355 494 501 574 reddidisse
502 493 682 614 probemus,
707 490 884 559 chirographa

117 568 193 708 litii
204 562 371 682 ttiiiiiiitcliiii
384 561 885 707 iiiiiitieirtitiioiiliijniiiaiiiiiitiinliliir·a
918 632 921 636 ’

114 702 209 749 neonem
225 700 370 750 consecuto
384 697 502 749 exhiberi
518 710 549 748 ae
564 696 638 748 reddi
650 695 761 748 rubebit.
786 694 813 746 S.
830 707 886 747 ιιιι

110 761 127 815 l.
140 766 199 834 Sept.
216 762 263 818 00.
282 778 368 817 conss.
772 767 806 825 [a.
825 764 884 825 tet]

1001 490 1113 559 publicis
1135 490 1200 542 locis
1221 488 1312 542 ludere
1333 502 1418 555 neque
1439 488 1467 540 in
1489 487 1577 568 specie
1602 502 1688 554 neque
1714 487 1738 539 in

1000 572 1109 625 genere:
1135 563 1161 609 et
1179 557 1202 609 si
1221 556 1432 609 contrafactum
1448 556 1536 613 tuens
1555 554 1628 606 nulla
1645 569 1740 621 sequa-

1001 636 1046 679 tur
1063 625 1257 678 condemnatio.
1282 622 1328 676 sed
1349 623 1463 676 solutum
1481 622 1607 675 reddatur
1624 627 1651 674 et
1669 637 1739 675 eom-

1002 692 1154 760 petentibus
1177 692 1327 745 actionibus
1349 697 1486 758 repetatur
1508 691 1543 743 ab
1565 689 1607 741 itis
1629 688 1675 756 qui
1695 688 1740 742 de·

1003 760 1098 813 derunt
1111 759 1151 813 rel
1165 774 1256 812 eomm
1270 758 1412 812 heredibus
1428 763 1474 810 aut
1488 757 1530 810 bis
1541 771 1593 823 neg
1668 755 1740 808 tibus

1001 827 1155 894 epatribne
1174 842 1221 879 sou
1239 825 1423 879 defensoribus
1441 825 1591 879 locorum⁷2
1640 838 1675 875 on
1693 823 1740 876 ob·

1002 901 1089 947 utente
1108 894 1158 947 uisi
1176 892 1366 961 quinquaginta
1383 892 1486 945 demum
1506 905 1636 945 annornm
1651 890 1742 958 aliqua

1003 960 1224 1029 praescriptione:
1254 960 1410 1040 ”ilpiscopis
1438 961 1556 1013 locorum
1582 959 1633 1012 hoe
1655 957 1740 1024 inqui·

1002 1029 1122 1082 rentibus
1140 1036 1166 1081 et
1183 1028 1335 1095 praesidum
1350 1028 1449 1079 auxilio
1464 1026 1608 1079 utentibus.
1640 1024 1742 1079 Deinde

1002 1112 1064 1149 vero
1080 1095 1218 1148 ordinent⁹
1233 1094 1348 1162 quinque
1361 1094 1447 1157 ludos,
1460 1100 1506 1147 ton
1520 1093 1680 1146 monobolon
1694 1098 1740 1144 ton

115 1165 130 1220 l
152 1162 353 1236 ’[Αίτιιράτωρ
362 1161 588 1217 'caesaraeam
595 1166 765 1232 Appositum
775 1159 884 1234 ίαάρχφ
1003 1163 1248 1217 condomonobolon
1273 1163 1307 1214 lte
1331 1161 1470 1215 ltondaoca
1491 1161 1525 1213 ise
1542 1176 1627 1229 repon
1643 1160 1679 1213 lse
1695 1174 1741 1226 pe·

106 1237 272 1300 tarraelios]
310 1239 338 1284 11
354 1234 413 1284 τῶν
430 1230 543 1300 τύρανν’
573 1268 885 1284 .............
1002 1230 1058 1283 rich
1070 1239 1122 1283 teu
1133 1232 1159 1280 ¹⁰.
1207 1228 1260 1282 Sed
1288 1229 1384 1282 nemini
1414 1228 1587 1296 permittimus
1611 1226 1690 1280 etiem
1714 1227 1741 1279 in

150 1300 281 1353 ’alearum
298 1300 391 1353 lusus⁴
404 1300 514 1368 antiqua
527 1314 570 1352 res
586 1306 667 1353 estet
681 1302 775 1353 extra⁸
789 1313 884 1367 operas
1002 1298 1044 1351 his
1058 1248 1148 1350 ludere
1163 1297 1234 1350 ultra
1249 1312 1330 1349 unum
1344 1295 1464 1359 solidum,
1479 1296 1531 1348 etsi
1545 1295 1657 1348 multum
1671 1293 1742 1347 diues

1002 1365 1045 1425 sit.
1068 1371 1106 1425 ut,
1131 1365 1153 1417 si
1171 1380 1248 1431 quem
1265 1363 1334 1416 vinci
1352 1362 1503 1430 contigerit,
1527 1376 1618 1416 casum
1637 1376 1742 1428 gravem

1002 1448 1055 1487 non
1083 1432 1220 1484 sustineat.
1268 1434 1345 1484 11ιιοιι
1372 1431 1457 1485 solum
1483 1430 1552 1485 enim
1577 1429 1648 1482 bella
1674 1428 1743 1481 bene

1003 1499 1156 1552 ordinamus
1175 1506 1201 1551 et
1216 1514 1257 1551 res
1271 1513 1370 1555 seem,
1388 1497 1435 1551 sed
1448 1502 1474 1549 et
1486 1498 1552 1550 ista:
1570 1495 1742 1549 internrinan-

1002 1573 1043 1619 tes
1058 1582 1168 1634 poenam
1182 1566 1424 1631 transgressoribus
1436 1567 1462 1627 ¹²,
1481 1568 1639 1632 potestatam
1654 1562 1742 1616 dando

1002 1634 1135 1754 ξρὲἱοργὶι
1159 1635 1210 1687 hoc
1233 1632 1380 1700 inquirendi
1411 1639 1438 1686 et
1466 1631 1564 1685 auxilio
1590 1629 1742 1699 praesidum

1066 1718 1120 1754 ns.

400 969 563 1027 xxxxflt.

181 1067 224 1117 Dii
242 1066 356 1116 amnt:
373 1066 460 1116 Lusit
478 1066 524 1117 ΕΤ
540 1064 783 1117 steatomatis.

935 832 951 881 2

935 966 950 1015 3

910 1042 913 1111 t
935 1035 950 1082 ί

148 1368 885 1497 inertissima*serueueram

146 1517 204 1553 num
217 1501 377 1569 suscipiens.
401 1501 508 1568 quidam
518 1503 587 1555 enim
597 1501 718 1556 ludentes
731 1517 780 1554 nec
794 1500 885 1554 ludum

145 1569 265 1631 seientes,
279 1569 326 1622 sed
335 1569 540 1622 nominationem
554 1575 666 1629 tannim,
684 1568 808 1637 proprias
821 1568 884 1621 sub·

146 1637 256 1688 mantiae
286 1636 459 1705 perdiderunt
486 1636 529 1689 die
555 1642 690 1703 noctuque
715 1635 830 1690 ludendo
857 1635 885 1688 in

145 1710 253 1771 argento
267 1711 400 1823 uppprstu
415 1704 441 1755 ls
461 1702 531 1757 idum
547 1711 575 1756 et
588 1718 662 1757 auro.
691 1706 886 1771 consequenter

144 1778 232 1824 sutem
249 1785 283 1824 es
337 1771 415 1824 cino
475 1771 565 1824 atione
580 1771 639 1824 blas
659 1771 766 1823 hentsre
784 1784 884 1823 aenan·
936 1767 968 1823 ί).
988 1783 1008 1822 τ
1024 1768 1050 1821 ίι.
1071 1770 1126 1822 (let.
1148 1768 1324 1823 tbrtstaatino
1345 1766 1384 1820 oli
1400 1764 1484 1820 lisoio
1502 1765 1601 1820 coas.¹³
1633 1768 1667 1829 [α.
1682 1764 1742 1829 titel

146 1843 189 1890 tur
203 1842 231 1891 et
248 1838 424 1892 instrumenta
442 1838 595 1891 conficiunt.
635 1786 786 1891 iommodis
804 1838 885 1903 igitur
969 1833 1043 1903 iso
1061 1832 1140 1887 airis
1157 1833 1280 1902 βασιλεία
1291 1785 1343 1898 “i

145 1905 323 1958 subiectorum
346 1904 485 1973 prouidere
508 1907 662 1983 cupientes⁸
690 1906 741 1959 hac
767 1904 885 1972 generali
1007 1906 1028 1937 ¹³
1045 1903 1220 1956 Prohibemus
1237 1903 1326 1968 etiam,
1344 1916 1378 1956 ne
1395 1900 1449 1954 sint
1466 1915 1481 1953 e
1500 1900 1528 1953 ui
1544 1898 1637 1968 lignei:
1655 1897 1744 1954 sedsi

145 1972 200 2039 lege
223 1972 404 2037 decernimus,
428 1982 457 2025 ut
481 1973 547 2026 nulli
569 1973 648 2026 liceat
664 1973 692 2027 in
710 1973 819 2040 privatis
838 1986 885 2025 seu
1003 1971 1063 2039 quis
1081 1987 1113 2024 ex
1131 1969 1181 2024 bae
1200 1969 1340 2024 occemone
1357 1968 1479 2032 uincitur,
1516 1983 1548 2021 oe
1561 1969 1619 2035 ipse
1632 1981 1743 2035 reeupe-

106 2088 348 2095 -u———u-u—
355 2090 387 2095 —..
398 2090 427 2095 .-..
437 2090 486 2097 ..η-.-
495 2090 539 2096 -αι-
547 2092 553 2096 -
1493 2083 1573 2089 -1-
1587 2082 1738 2089 -ῌ-

138 2143 311 2208 inscriptions·
332 2144 427 2194 restitui
448 2162 478 2194 es
501 2145 522 2205 i,
541 2155 562 2205 ς,
580 2155 621 2203 tt,
648 2163 711 2209 quae
731 2146 828 2207 pentina
851 2154 886 2192 est
935 2157 985 2205 qua
1002 2140 1048 2191 hoc
1066 2140 1155 2191 eccidit
1176 2140 1214 2191 rel
1232 2140 1345 2190 defensor
1363 2139 1440 2202 exigit
1458 2142 1482 2188 et
1500 2139 1526 2188 in
1544 2153 1619 2203 opera
1636 2136 1744 2186 diritatis

119 2228 144 2260 e.
161 2216 173 2268 i
190 2220 216 2262 i:
242 2212 268 2260 is
295 2211 438 2276 quibusdam
460 2210 529 2261 lilrr's
552 2212 669 2277 epitomae
693 2210 800 2261 Latinas
823 2228 886 2274 quae
935 2214 1029 2274 erogat.
1065 2213 1089 2256 et
1112 2209 1195 2259 cautio
1218 2223 1292 2272 super
1314 2206 1367 2257 alcu
1384 2206 1503 2271 praesuta
1520 2205 1585 2255 vires
1602 2220 1652 2254 uon
1669 2203 1745 2255 habet

106 2279 184 2339 μίαν
201 2279 381 2344 praescriptum
405 2289 442 2329 est
462 2277 520 2342 imp.
544 2277 696 2327 iustinianus
714 2276 817 2327 iohanni
834 2292 885 2342 pp⁸¹
935 2280 960 2326 et
977 2275 1098 2327 redditur.
1135 2274 1201 2338 quod
1214 2276 1234 2324 ei
1250 2275 1307 2338 quis
1322 2274 1367 2324 sub
1382 2274 1462 2338 speeie
1477 2272 1545 2323 aleae
1557 2270 1652 2338 lupinis
1665 2271 1744 2322 elisue

106 2346 147 2394 ud
165 2356 207 2395 aut
222 2346 295 2410 salso
315 2345 449 2412 suppletura
473 2356 516 2396 out
539 2364 569 2396 ar
589 2365 609 2396 e.
629 2356 641 2395 t
664 2347 834 2412 transpositum
852 2354 887 2396 est
936 2359 985 2407 qua
1007 2343 1110 2392 muteris
1127 2344 1207 2393 rietus
1231 2342 1313 2403 luerit,
1336 2357 1386 2391 non
1408 2345 1513 2390 tenetur.
1550 2339 1607 2389 daia
1625 2338 1744 2405 episeopis

106 2412 170 2464 tiae
183 2413 276 2462 initium
289 2411 522 2465 uaduntParatitla
536 2414 684 2463 delibasti
700 2423 743 2463 stt
779 2412 887 2474 (illanc
935 2411 1038 2462 licentia
1059 2411 1086 2459 in
1109 2411 1168 2459 hoec
1193 2409 1338 2473 inquirendi
1356 2424 1411 2458 oum
1429 2406 1527 2458 auxilio
1562 2406 1684 2457 raesidum
1701 2422 1743 2472 pa·

106 2480 294 2544 terpretationeae
312 2479 437 2542 Latinam,
455 2499 517 2545 quae
531 2480 556 2531 in
569 2480 728 2532 deterioribus
742 2480 886 2547 quibusdam
936 2483 1001 2529 trum
1020 2477 1232 2542 defensorumque.
1267 2477 1352 2527 ludere
1376 2480 1458 2525 autem
1481 2490 1530 2525 non
1544 2422 1608 2524 itaet
1626 2474 1675 2523 nisi
1691 2489 1743 2523 nro-

106 2548 150 2595 rris
163 2547 273 2611 suppleta
291 2558 338 2607 set,
361 2565 409 2597 aas
432 2548 467 2598 ud
483 2549 671 2599 contitutionem
689 2549 775 2612 ipsam,
792 2547 837 2596 sed
852 2546 888 2596 αιί
936 2544 1040 2599 nobule.
1064 2542 1288 2604 condomonobolo‚
1312 2544 1434 2607 quintana
1458 2543 1565 2592 wudaee
1587 2543 1641 2592 sine
1657 2541 1743 2605 fibula,

106 2612 192 2665 tissara
208 2614 332 2681 ριαιιίαιι
343 2617 441 2681 factam
458 2632 510 2666 esse
527 2625 575 2665 tara
593 2634 622 2665 ιτ
637 2615 688 2667 laco
702 2615 796 2680 pomino
814 2632 885 2678 quam
935 2613 1075 2678 periobyto,
1094 2612 1193 2677 irippice
1210 2614 1264 2661 sine
1281 2611 1368 2660 fraude
1385 2625 1414 2660 ue
1433 2609 1497 2660 dolo.
1526 2613 1550 2659 et
1567 2609 1637 2660 ualde
1655 2608 1744 2660 divites

106 2695 112 2723 τ
136 2680 248 2731 indicibeu
265 2681 380 2731 Anatolii
400 2692 424 2733 st
446 2681 576 2733 lbalelaei
599 2693 716 2748 apparet,
738 2693 764 2732 ut
789 2680 886 2733 Graeca
937 2679 1036 2744 quidem
1063 2696 1113 2729 uno
1139 2679 1218 2729 solido
1244 2680 1270 2728 in
1297 2678 1408 2742 singulas
1434 2678 1498 2727 vices
1522 2676 1625 2738 ludunt,
1651 2675 1743 2739 reliqui

106 2747 209 2799 ιἰιπίι
231 2766 278 2798 aon
301 2750 418 2799 invenerit
441 2750 466 2798 in
490 2749 552 2800 libro
576 2750 665 2800 codicis
683 2749 821 2807 Iustiniani,
844 2748 888 2799 ssd
936 2747 1015 2798 multo
1039 2746 1149 2797 minoris.
1185 2746 1253 2797 ultra
1275 2747 1342 2796 buno
1365 2744 1468 2795 modum
1486 2745 1648 2795 exactionum
1666 2748 1745 2793 estet

106 2822 130 2863 st
150 2818 173 2865 is
195 2816 295 2866 scloliie
321 2815 488 2867 Basilicarum
519 2817 600 2867 aliare
629 2837 677 2882 ραι
703 2816 799 2883 ιγίίορα
825 2816 890 2865 iuris
936 2814 1045 2865 solutum
1072 2814 1190 2864 redditur.
1234 2813 1309 2863 huius
1335 2813 1371 2863 rei
1400 2827 1485 2862 aurum
1510 2814 1589 2875 agunt
1612 2811 1744 2876 praesides,

106 2876 173 2933 mee·
191 2884 234 2933 aul
257 2884 284 2933 ia
307 2885 473 2935 commentario
498 2884 580 2949 aliquo
598 2885 688 2933 roatici«
706 2882 769 2933 uelut
787 2882 885 2933 Isidori.
937 2883 1019 2933 decem
1037 2880 1158 2932 librorum
1175 2896 1256 2946 poena
1273 2880 1418 2929 imminente
1435 2879 1466 2929 iis
1484 2880 1528 2943 qui
1545 2877 1624 2942 legem
1636 2878 1744 2927 uiolare-

106 2946 154 3023 ᾑιι
171 2948 296 3000 liolelaei
312 2961 378 3000 estat
395 2953 420 3000 ia
438 2950 465 3000 B
483 2952 524 3007 60,
543 2962 564 3009 ιι,
583 2964 608 3000 a:
638 2942 676 2999 ‘11
695 2944 814 3010 διάταξιι
835 2967 885 3000 κω·
938 2950 989 3001 rint
1006 2949 1045 3000 vel
1063 2949 1151 2998 violari
1168 2948 1342 3013 permiserintl
1412 2947 1444 3010 (t)
1461 2948 1497 2998 sic
1511 2946 1669 3013 Atrebatium,
1686 2960 1745 2995 usus

106 3028 140 3065 'ss
153 3014 184 3067 ιιὶ
199 3019 314 3085 παίγνια
331 3018 376 3065 καί
395 3019 476 3068 πέντι
493 3012 730 3087 όπιξαιρονμίνων
747 3012 828 3083 όριζει
842 3019 889 3065 καί
936 3017 976 3069 vel
992 3016 1067 3067 ludus
1084 3018 1143 3067 libri
1226 3017 1259 3079 (5)
1281 3020 1351 3065 extra
1369 3025 1410 3065 aut
1428 3024 1563 3079 corruptum
1581 3024 1616 3064 est
1632 3032 1662 3065 es
1679 3013 1745 3062 circa

106 3094 146 3131 bs
168 3083 289 3148 λπιτίμια
317 3080 386 3133 κατά
412 3083 471 3135 τῶν
494 3082 679 3149 κυβευόντων,
706 3086 887 3151 ἐπιτρέπουσα
937 3096 981 3137 aut
994 3103 1124 3152 perperam
1143 3102 1242 3144 uersum,
1261 3086 1293 3148 rs.
1312 3082 1371 3149 qu.
1395 3084 1433 3145 11,
1451 3093 1473 3140 t,
1491 3092 1540 3143 r,t
1606 3082 1639 3143 (e)
1657 3080 1744 3130 immo-

106 3148 131 3197 d
149 3149 187 3215 τῷ
212 3148 321 3217 ἐπάρχῳ
348 3152 395 3214 τῆς
420 3146 523 3202 πόλεως
548 3156 593 3202 καί
618 3154 673 3202 τοῖς
695 3148 803 3221 ἀρχονσι
828 3150 888 3200 τῶν
937 3151 1064 3203 dotatione
1088 3151 1120 3201 bl.
1143 3155 1279 3201 noscuntur
1296 3154 1321 3200 et
1337 3150 1355 3199 i.
1374 3148 1558 3212 concipiuntur.
1577 3146 1710 3199 commodis
1727 3149 1743 3197 i.

106 3217 213 3287 Ερμῶν
230 3221 276 3268 sal
293 3221 349 3268 reis
366 3214 522 3270 ἐπισκόποις
540 3222 629 3282 ζητεῖν
647 3222 691 3268 καί
711 3214 824 3269 κωλόιιν
842 3219 886 3267 καί
936 3235 954 3269 s.
972 3218 1151 3287 piospicientes
1168 3219 1234 3269 alias
1308 3217 1341 3280 (t)
1365 3217 1536 3268 desiderantur
1553 3216 1597 3266 λοι
1615 3215 1665 3267 laco
1683 3234 1745 3283 quas

106 3274 169 3353 ᾗτε
188 3280 223 3336 τὶ
246 3286 278 3335 ἐν
298 3279 388 3335 αὐτοῖς
403 3282 533 3356 γινόμενα
551 3282 759 3357 σιτάλλάγματα
776 3282 886 3353 ἀνατρέ·
938 3285 1162 3338 ιαίοιιίὶιΝοιιιοο.
1178 3286 1263 3348 (ο.ι.);
1282 3286 1382 3335 redacta
1398 3284 1498 3349 αογοτί
1510 3285 1534 3334 in
1549 3302 1624 3349 opera
1636 3284 1745 3348 publica,

106 3358 150 3405 D,
188 3347 287 3403 δίδωσι
313 3347 343 3403 δι’
368 3346 474 3423 ἀγωγὰς
499 3356 528 3404 iss
559 3352 617 3403 τῶν
649 3353 740 3405 laurei
758 3355 887 3419 αμμένων
937 3357 1061 3406 cautiones
1084 3354 1113 3403 tle
1135 3354 1197 3403 aleis
1219 3355 1292 3402 datas
1313 3353 1376 3402 uires
1399 3368 1445 3401 non
1464 3351 1552 3401 labere
1570 3369 1599 3401 no
1615 3351 1688 3401 reddi
1704 3351 1745 3400 de·

106 3414 159 3485 *rs
178 3424 315 3489 παιγνίων
338 3422 384 3469 καί
406 3416 555 3485 ἀπαίτησιν
571 3422 630 3471 τῶν
654 3372 784 3471 devestire
805 3438 886 3484 χριοι-
938 3425 1007 3485 bers,
1029 3438 1139 3487 eumque.
1162 3422 1206 3485 qui
1228 3423 1252 3471 ia
1278 3419 1347 3470 aleae
1368 3419 1461 3469 morium
1485 3418 1576 3484 lupinis
1598 3418 1679 3468 aliaue
1697 3436 1746 3482 quc

196 3506 252 3549 οιν,
284 3482 348 3537 δέκα
377 3484 479 3558 λιτρῶν
505 3491 641 3553 ἐπιτίμιον
667 3482 793 3568 ὁρίζουσα
819 3484 887 3537 κατὰ
937 3491 1040 3541 ιιιαίιτὶο
1056 3490 1131 3539 αἰτίαι
1140 3490 1233 3567 suerit,
1252 3506 1298 3537 non
1317 3486 1394 3537 teneri
1460 3486 1494 3548 (t)
1515 3490 1527 3544 i
1547 3496 1559 3536 t
1577 3509 1611 3528 a
1630 3486 1652 3548 l,
1671 3495 1691 3548 t,
1710 3495 1745 3546 tt,

155 3552 370 3624 σνγχωροόντοιν
392 3557 550 3623 παραβῆναι
572 3554 623 3619 τὴν
646 3550 770 3616 διάταξιν
795 3558 888 3617 (idest
937 3575 1000 3623 quae
1032 3557 1066 3607 od
1096 3558 1172 3621 ipsius
1204 3555 1379 3605 constitutionis
1405 3555 1479 3603 uerba
1508 3570 1556 3617 pro
1575 3553 1612 3602 ius
1644 3553 1744 3602 accedit.

146 3622 154 3636 ’
183 3624 221 3672 tio
244 3620 312 3672 ludis
332 3622 462 3672 interdicit
485 3628 510 3673 et
534 3625 645 3686 quinque
667 3624 775 3688 exeeptis
794 3636 886 3689 poenes
937 3625 1106 3677 anuesmriat
1126 3634 1256 3688 praeterea
1279 3639 1372 3671 necesse
1396 3630 1440 3682 est,
1464 3637 1526 3684 quas
1548 3570 1658 3685 όόριιιιιιτ
1676 3621 1700 3669 in
1719 3618 1745 3669 B

106 3676 189 3741 hus
205 3689 328 3741 aleatores
345 3690 435 3740 defluit
452 3692 586 3753 iniungens
602 3694 627 3740 et
639 3689 709 3740 urbis
723 3688 847 3754 praelecto
862 3692 886 3738 et
937 3693 969 3755 (α.
986 3694 1032 3754 α),
1056 3691 1155 3741 eandem
1178 3707 1260 3740 ruram
1278 3691 1407 3738 iniunctam
1426 3705 1476 3737 esse
1496 3688 1621 3751 praesecto
1646 3687 1702 3735 urbi
1724 3696 1746 3736 et

106 3757 258 3807 Ιτὶιιαίιιτιιιιι
281 3757 420 3807 rectoribus
442 3764 467 3807 et
491 3759 625 3823 episcopis,
654 3764 683 3807 ut
708 3758 839 3819 inquirent
862 3760 886 3806 et
934 3760 1091 3826 praesidibus
1098 3758 1278 3823 prouinciarum
1290 3766 1317 3818 et,
1329 3758 1353 3807 si
1361 3757 1403 3820 qui
1412 3765 1547 3805 contractus
1554 3764 1655 3819 propter
1666 3754 1745 3803 ludum

106 3824 224 3875 ΨΜ(
238 3829 263 3873 el
278 3828 420 3874 eontracta!
435 3842 521 3875 torum
530 3824 885 3874 wuetiniioeontnttrtecln·
938 3828 993 3878 initi
999 3827 1102 3892 suerint,
1122 3843 1161 3875 sos
1176 3825 1346 3874 rescindendos
1362 3841 1413 3872 esse
1463 3822 1498 3884 (t)
1531 3839 1557 3869 ro
1573 3820 1689 3870 ordinent
1704 3821 1747 3884 qui

106 3895 145 3941 ι
176 3907 206 3942 ex
228 3893 354 3957 perminis
376 3898 458 3942 entem
477 3893 588 3956 quinque
612 3892 678 3942 ludis
703 3892 813 3941 actiones
835 3891 885 3953 dat
937 3892 1120 3944 autitordinat
1133 3893 1227 3942 ridetur
1240 3893 1368 3956 scripsisse
1410 3890 1455 3952 (tel
1471 3839 1747 3938 inidiseaurasrandis

106 3964 158 4011 Ιι
173 3959 297 4010 librarum
313 3974 394 4024 poeno
411 3960 527 4009 adversus
545 3976 585 4009 eos
602 3965 702 4013 statuta.
727 3960 771 4022 qui
794 3959 885 4008 consti·

106 4024 195 4079 linem
213 4026 304 4076 violari
322 4028 497 4092 permiserint).
532 4029 646 4078 Anatolii
668 4030 770 4077 iadicem
792 4029 886 4077 exbibet

106 4089 173 4147 inse.
195 4098 234 4155 13,
248 4104 290 4145 ts:
309 4096 334 4153 (ξ
348 4098 368 4155 t)
384 4089 413 4143 ‘0
430 4088 557 4159 ἡττηθείς
574 4094 610 4144 τίς
627 4089 725 4145 κόττον
742 4088 789 4143 oisc
806 4087 885 4143 άπαι·

106 4160 160 4213 ἶσαι
181 4166 228 4213 καί
251 4158 418 4225 καταβαλών
439 4157 625 4226 ἀναλαμβάνει
653 4158 721 4226 μετὰ
750 4155 829 4211 διαδό
846 4178 886 4210 ων

106 4225 192 4280 ἢτοῦ
209 4224 371 4293 νικήσαντος
387 4230 433 4278 καί
453 4229 513 4278 τοῖν
530 4224 704 4297 κληρονόμων
727 4223 808 4278 αὐτοῦ
829 4178 885 4289 isp-

106 4296 157 4348 ss'rs
176 4299 223 4347 esai
247 4299 318 4364 πίρα
340 4300 567 4367 τριακονταετίαι.
602 4296 626 4346 ei
647 4291 678 4346 δὲ
699 4293 736 4360 μὴ
757 4291 886 4345 dilacera

106 4360 230 4430 Ιςλαβεῖν,
255 4357 271 4413 ὁ
295 4360 390 4413 θέλων
412 4366 457 4412 καί
480 4357 598 4429 μάλιστα
619 4357 633 4413 ό
657 4364 703 4427 τῆς
726 4359 830 4413 redisses
855 4363 888 4411 όν

110 4431 188 4482 τοῦτο
204 4433 298 4500 γάγονι
315 4427 405 4501 πατὴρ
422 4427 439 4494 ἢ
456 4428 558 4481 ἔκδικος
573 4425 685 4482 ἀπαιτεῖ
706 4434 751 4479 καί
774 4426 887 4493 δαπανᾷ

106 4498 199 4633 wa
224 4499 272 4562 τῆς
297 4494 408 4548 πόλεως.
458 4502 503 4547 καί
528 4516 546 4614 γρ
588 4502 700 4563 ενομίνι)
726 4499 771 4547 ἐπί
797 4494 885 4560 κόττα

176 4582 205 4616 ια
227 4560 239 4576 ’
296 4563 303 4581 ’
335 4568 394 4615 ἐστι
410 4568 456 4614 καί
473 4561 528 4615 ἀπο
574 4584 644 4614 οται.
679 4565 703 4613 si
725 4562 755 4613 di
778 4568 825 4613 καί
846 4575 885 4615 τις

106 4632 236 4698 ’σχήματι
304 4650 351 4682 του
370 4627 478 4701 ἡττηθῇ
495 4631 617 4700 θερμίοιι·
635 4628 651 4695 ἢ
668 4633 745 4699 ε’τίραι
763 4624 820 4701 ὕλῃ,
837 4627 885 4682 eris

106 4702 236 4750 τιιτεῖται.
273 4702 297 4757 (t
307 4702 329 4759 tt)
337 4699 395 4749 τῶν
403 4696 561 4750 ἐπισκόπων
569 4695 663 4749 άδιιαν
672 4698 791 4762 ἐχόντων
800 4699 886 4748 ταῦτα

106 4769 173 4828 trem,
194 4762 381 4832 βιηθοόντων
403 4762 492 4816 aiacis·
509 4767 568 4816 τῶν
585 4763 726 4833 ἀρχόντων
742 4768 786 4816 καί
805 4767 885 4816 πατί-

106 4850 139 4882 ον
151 4837 194 4884 καί
209 4830 333 4884 ἐνδίκων.
378 4836 403 4913 (ᾗ
415 4835 437 4895 t)
450 4830 536 4899 μόιον
546 4830 575 4883 δὲ
589 4834 698 4895 παίζιιν
708 4830 794 4892 ἔξεστι
806 4827 885 4897 μονό-

106 4895 160 4950 Ξλον
174 4904 218 4951 καί
236 4897 470 4966 κονδομονοβολαν
492 4897 648 4966 (μονίβολον
665 4904 709 4951 καὶ
731 4896 885 4965 κονδομονί-

106 4962 161 5041 [ιλιι
175 4971 240 5031 libri)
255 4972 301 5018 καὶ
314 4965 459 5018 κνϊντανὶν
475 4972 532 5029 (καί
541 4972 586 5018 ins.
597 4970 662 5023 libril
678 4964 795 5018 ιιόνδακα
806 4969 886 5035 χωρίς

106 5031 235 5107 '33¹th
243 5031 336 5105 (όρπῆς
346 5037 529 5100 lilripleripur)
545 5039 589 5085 καὶ
602 5032 745 5102 περιχντὴι·
753 5037 797 5083 καί
810 5036 885 5084 ἱππι-

106 5113 139 5159 ῦν
151 5098 206 5152 issu
224 5105 316 5166 τέχνης
332 5105 378 5151 καί
396 5104 524 5152 ἐπινοίας.
559 5112 583 5163 (ξ
604 5108 626 5163 ὁ)
650 5104 693 5150 καὶ
712 5099 738 5150 οἱ
753 5103 804 5165 μὲν
821 5098 885 5169 σφό·

106 5180 143 5229 P!
154 5164 269 5221 πλνόσιιιι
285 5173 451 5236 νομίσματος
468 5167 525 5219 ἑνὸς
543 5167 657 5233 ἑκάστην
675 5163 806 5218 σύνθεσιν
823 5173 886 5219 παί-

106 5243 181 5297 Mer,
196 5235 221 5289 ol
237 5233 267 5287 di
285 5233 373 5288 λοιποὶ
392 5231 465 5287 πάνυ
482 5230 603 5300 ἥττονος·
620 5234 652 5287 τὸ
668 5233 697 5285 δὲ
711 5232 793 5287 πλέον
805 5229 885 5286 ἀπαί-

106 5310 165 5375 ’li'
177 5297 221 5353 eise
237 5305 289 5367 ἔχει
308 5307 352 5353 καί
371 5299 514 5368 διδόμενον
531 5298 700 5354 ἀποδίδοται.
740 5303 886 5371 προνοοῦσι

106 5374 190 5421 Uest
203 5368 229 5423 ολ
243 5372 376 5437 ἄρχοντες,
401 5366 465 5421 δέκα
489 5368 590 5440 λιτρῶν
607 5371 699 5433 ποινῇιΙ
723 5372 887 5435 ίπικιιμέιηι

106 5430 153 5481 ῗᾶ
162 5442 367 5505 παραβαίνωσιν
384 5433 400 5504 ἢ
418 5439 584 5508 συγχωροῦσι
602 5438 827 5506 παραβιιίνισθιιι
850 5439 888 5500 (iel

106 5502 244 5563 “ibides
254 5505 336 5557 nam
352 5510 397 5570 est,
414 5521 465 5554 non
483 5509 582 5555 tenetur
600 5510 624 5554 et
640 5504 748 5555 solutum
767 5512 817 5552 tum
834 5504 887 5567 ipse

107 5568 169 5619 Μ
184 5584 326 5624 mres
348 5589 364 5622 a
381 5573 474 5622 victore
496 5574 599 5635 eiusque
619 5572 750 5621 heredibus
767 5578 887 5636 perpetuo

110 5628 201 5685 *illis
215 5640 318 5705 triginta
341 5656 420 5689 annos
445 5645 567 5704 repetunt.
609 5640 652 5703 qui
675 5639 696 5688 si
715 5640 825 5702 recipere
842 5654 887 5688 no-

117 5682 167 5761 lui
177 5705 313 5771 mirumne
330 5707 397 5757 volet
413 5712 488 5770 atque
506 5706 626 5772 imprimis
646 5710 716 5772 pater
733 5706 842 5756 ciuitatis
859 5706 886 5754 in

938 3963 1056 4026 interpres
1070 3959 1294 4010 retinuitGruscum
1309 3975 1438 4008 samonem
1450 3955 1600 4019 (ire-sat),
1618 3973 1687 4020 quem
1704 3973 1745 4004 ae·

938 4046 983 4093 qus
993 4028 1108 4078 intellexit
1117 4037 1140 4077 et
1153 4037 1195 4076 οιιί
1208 4028 1324 4092 inteqrum
1339 4043 1386 4074 aon
1394 4024 1477 4074 lubuit
1491 4033 1535 4073 aut
1547 4024 1599 4088 ipss
1612 4023 1745 4073 neutiluet't:

938 4096 1108 4145 ‹lesideraatur
1119 4096 1179 4144 enim
1190 4095 1351 4157 quassantia
1361 4090 1531 4142 Nouoconons
1548 4098 1579 4147 (ν.
1592 4091 1624 4149 ι.)
1640 4091 1745 4138 uniera-

937 4157 983 4212 νός
991 4173 1014 4212 st
1022 4156 1128 4224 ίππικό,
1143 4162 1193 4210 nisi
1199 4162 1267 4225 sorte
1278 4163 1302 4210 ιἰι
1316 4174 1391 4223 repon
1407 4160 1464 4208 latet
1477 4155 1564 4208 irritor
1575 4157 1615 4207 vel
1625 4151 1746 4207 ἱππικόν.

938 4231 980 4293 (ιι)
999 4240 1054 4279 ante
1072 4244 1122 4277 nou
1140 4226 1220 4276 solum
1237 4228 1322 4293 supple
1340 4225 1486 4288 esNomoc.‚
1503 4225 1569 4290 quod
1584 4242 1660 4289 supra
1675 4240 1746 4273 unum

937 4296 1039 4347 solidum
1056 4298 1198 4362 promissum
1216 4298 1303 4355 suerit,
1327 4295 1393 4360 eripi
1411 4311 1457 4343 ιιοιι
1473 4310 1545 4358 posse
1564 4302 1618 4350 out,
1641 4292 1666 4341 si
1680 4290 1746 4340 solu·

939 4369 987 4414 tum
997 4366 1086 4429 suerit,
1105 4365 1182 4428 repeti
1253 4363 1298 4423 (tt)
1313 4379 1403 4428 poena,
1420 4378 1484 4424 quas
1500 4360 1628 4410 secundum
1645 4357 1745 4408 Nomos.

938 4443 962 4482 et
979 4431 1005 4482 B
1023 4442 1058 4481 est
1074 4432 1105 4481 X
1121 4433 1177 4480 cruri
1195 4431 1317 4488 librarem,
1342 4430 1456 4479 statuitur
1473 4429 1498 4477 ia
1517 4427 1681 4492 mopistratus,
1704 4426 1748 4490 qui

939 4510 982 4550 aut
999 4499 1072 4565 lepsm
1090 4500 1196 4547 maseati
1212 4514 1258 4546 noa
1269 4498 1365 4561 suerint
1388 4505 1431 4545 atet
1450 4496 1482 4544 ab
1499 4495 1557 4544 aliis
1574 4494 1602 4545 id
1611 4494 1675 4556 fieri
1708 4510 1745 4543 sr-

938 4568 1045 4617 missrint
1079 4567 1125 4626 (13)
1140 4566 1282 4628 subscriptio
1301 4580 1330 4613 es
1348 4565 1438 4624 i‚t‚2i
1454 4563 1567 4612 restituta
1584 4571 1619 4612 est
1652 4510 1747 4623 (tilin-

937 4636 1090 4698 scrs'ptionsm
1114 4633 1206 4681 restitui
1227 4649 1257 4681 ec
1280 4649 1299 4680 c.
1319 4640 1327 4680 i
1347 4631 1370 4679 lt.
1388 4639 1420 4679 t..·
1442 4631 1475 4694 cs·
1494 4638 1569 4680 nott
1642 4628 1687 4691 (ts)
1710 4629 1746 4679 irs·

938 4702 1078 4767 terpretatio
1101 4699 1194 4748 Lettino
1217 4699 1286 4747 liuius
1310 4698 1483 4747 constitutionis
1507 4699 1531 4746 in
1557 4696 1626 4746 libris
1645 4713 1746 4761 prases-

938 4769 1006 4818 rlenti
1028 4769 1186 4817 continuatur.
1233 4765 1325 4815 Graeci
1350 4765 1441 4814 indices
1465 4774 1547 4813 errant
1572 4763 1700 4814 Ίλαλιίαιί
1721 4764 1746 4813 in

940 4835 966 4886 B
984 4837 1025 4895 60,
1045 4845 1066 4896 8,
1084 4844 1112 4884 b:
1142 4828 1173 4881 'H
1195 4826 1315 4891 διάταξις
1336 4827 1433 4881 saida
1455 4826 1490 4880 τὰ
1507 4822 1636 4899 turipum
1653 4822 1746 4890 ξόλινα

939 4896 1045 4961 ἱππικά,
1063 4894 1188 4950 κίνδυνον
1204 4893 1356 4949 ἀπαιτοῦσα
1374 4894 1443 4948 κατὰ
1460 4897 1518 4947 τῶν
1531 4893 1689 4959 παιζόντων
1701 4897 1745 4946 καί

938 4964 1067 5035 δὴμινσιν
1084 4963 1152 5016 κατὰ
1169 4966 1228 5016 τῶν
1245 4965 1335 5025 οἴκων,
1353 4967 1383 5015 lu
1401 4962 1439 5015 οἷς
1454 4961 1488 5014 τά
1506 4964 1619 5014 τοιαῦτα
1653 4966 1746 5027 iuncos

938 5041 1060 5105 παίγνια.
1101 5029 1204 5084 δίδοται
1226 5030 1256 5083 δι’
1273 5037 1317 5082 καί
1335 5028 1460 5083 ἀνάδοσις
1477 5031 1517 5095 τῷ
1536 5025 1627 5094 ἦττηθ
1675 5049 1684 5080 ι
1702 5032 1747 5079 ναί

938 5098 1136 5167 καταβαλόντι,
1160 5095 1175 5163 ἢ
1199 5098 1247 5151 ίαν
1268 5098 1305 5165 μὴ
1322 5096 1451 5166 βούληται
1470 5093 1625 5163 ἀναλαβεῖν,
1648 5093 1746 5148 misia

937 5169 1026 5221 ταῦτα
1043 5168 1079 5219 sie
1096 5168 1160 5237 ἔργα
1179 5164 1293 5233 δημόσια
1310 5168 1356 5231 τῆς
1377 5163 1480 5218 πόλεως
1503 5167 1603 5228 ἐκείνης
1625 5159 1746 5216 δαπανᾶ·

939 5236 1009 5288 σθαι
1028 5238 1066 5298 (id
1082 5246 1118 5286 est
1140 5237 1285 5284 constitutio
1302 5232 1386 5298 lignea
1404 5233 1526 5296 equestria
1544 5247 1607 5295 quae
1624 5236 1747 5282 vocantur

938 5304 1053 5370 prohibet
1076 5302 1209 5368 repetendo
1231 5302 1308 5351 oleum
1323 5301 1522 5366 publicondoque
1537 5300 1632 5361 domus,
1649 5301 1677 5350 in
1691 5300 1746 5364 qui-

938 5372 985 5421 bus
1003 5370 1064 5420 tales
1081 5370 1136 5419 ludi
1153 5370 1212 5419 laeti
1230 5374 1296 5418 sunt.
1329 5369 1444 5433 repetitio
1463 5371 1545 5416 eutem
1567 5368 1591 5417 ei
1608 5368 1653 5431 qui
1666 5369 1747 5417 motus

939 5438 1041 5488 solverit
1063 5437 1149 5495 datur,
1172 5436 1211 5486 rol
1228 5438 1250 5485 si
1268 5438 1289 5485 is
1306 5435 1428 5496 noluerit,
1451 5434 1521 5484 iubet
1545 5450 1574 5483 ee
1596 5435 1624 5484 in
1646 5434 1747 5500 publiea

939 5506 1150 5555 illiuseiritutiso
1169 5521 1209 5553 cra
1218 5503 1342 5569 dependi),
1358 5514 1380 5553 et
1388 5502 1502 5553 Anatolii
1511 5504 1535 5552 ia
1544 5502 1644 5553 Nomos.
1657 5506 1694 5557 13,
1706 5514 1745 5552 te:

940 5568 1008 5623 Οὔτε
1036 5575 1091 5622 τοῖς
1115 5520 1284 5636 καλουμένοις
1311 5566 1424 5630 ξυλίνοις
1451 5565 1570 5620 ἱππικοῖς
1596 5566 1658 5621 οὔτε
1680 5565 1746 5638 ἄλλῃ

938 5643 1032 5704 urstisio
1056 5639 1164 5702 παίζειν
1187 5638 1286 5699 ἔξεστι,
1312 5634 1383 5702 πλὴν
1405 5637 1463 5688 τῶν
1486 5639 1694 5703 ίπιτραπίντων
1717 5639 1747 5686 iu

939 5708 973 5778 τῇ
992 5703 1164 5775 προλαβοόσῃ
1184 5702 1310 5766 διατάξει.
1345 5708 1389 5754 καί
1406 5702 1434 5754 οἱ
1455 5700 1543 5763 τόποι,
1567 5698 1636 5753 καθ’
1656 5697 1700 5753 oiie
1717 5704 1743 5753 ίι

1493 5787 1542 5839 te*
