3832 6126
125 186 142 251 l
165 188 203 250 17
931 176 974 251 72
1589 197 1679 245 nav

129 382 188 423 sese
222 364 426 426 commendavit:
460 381 510 421 nec
544 382 597 421 non
622 366 819 421 Tuscenium
846 366 930 419 virum
982 370 1084 419 ueteres
1107 366 1324 432 composuerunt,
1355 362 1401 432 qui
1423 362 1509 433 prima
1524 362 1614 431 legum
1631 378 1679 431 arg

128 435 258 489 illustrem
278 434 432 513 magistrum
454 433 572 515 iurisque
591 435 705 504 peritum
725 434 753 487 in
774 434 825 487 hac
841 433 930 501 splen·
982 432 1156 487 continebant
1180 438 1208 483 et
1229 430 1409 509 institutiones
1430 432 1609 495 secabantur,
1643 445 1679 499 se]

129 501 266 556 didissima
283 502 389 556 civitate
405 501 574 557 laudabiliter
591 503 716 570 optimam
733 501 819 568 legum
834 501 931 567 guber-
982 500 1108 561 collectis,
1132 497 1259 565 quidqurd
1276 514 1308 551 ex
1325 499 1366 552 bis
1383 499 1448 553 utile
1464 502 1492 552 et
1507 498 1676 577 apmsimnm

130 570 264 623 nationem
281 568 478 623 extendentem:
505 573 534 623 ιι
555 568 743 623 Doaernnuss
765 568 848 621 sirum
870 568 930 620 illu·
982 566 1060 636 dique
1077 566 1113 620 sit
1129 565 1264 619 elimatum
1281 574 1308 619 et
1324 566 1412 630 rebus,
1436 580 1506 635 quae
1522 582 1552 619 m
1567 580 1679 635 praesu

129 642 211 691 strem
227 642 255 689 et
271 635 489 690 facundissimum
507 637 711 704 quaestorium¹,
735 651 812 703 quem
835 634 863 688 in
879 635 930 687 Be·
981 634 1009 686 in
1035 649 1086 687 usu
1110 640 1262 695 vertamur,
1288 642 1493 687 consentaneum
1519 634 1667 699 invenitur,

130 703 301 773 rytiensinm²
329 702 540 770 splendidissima
569 704 674 758 civitate
702 703 772 769 leges
795 701 931 770 discipulis
982 715 1078 768 capere
1095 699 1220 753 studeant
1236 708 1264 753 et
1281 706 1407 766 quattuor
1422 701 1496 754 libris
1512 715 1644 769 reponere
1660 714 1679 753 e

129 770 278 824 tradentem
300 785 349 836 pro
367 778 408 822 ter
432 771 489 824 eius
512 771 637 839 optimam
660 771 810 838 opinionem
831 776 859 822 et
874 769 930 836 glo·
981 767 1135 821 eruditionis
1161 767 1247 835 prima
1273 767 1446 821 fundamenta
1471 771 1553 835 atque
1580 768 1679 822 clemen

129 839 196 893 mam
219 837 254 890 ad
276 854 324 890 nos
348 786 504 891 deduximus
525 838 731 917 participemque
747 837 826 890 buius
844 836 932 905 operis
981 850 1052 899 nere,
1070 834 1166 901 quibus
1183 834 1291 889 iuvenes
1308 834 1409 888 suffulti
1421 834 1527 903 possint
1541 834 1666 903 graviora

130 905 254 959 iecirnus:
279 904 325 957 sed
342 910 369 957 et
386 907 562 959 Αιιιτοιιιιιι
582 906 667 959 uirum
689 905 819 958 rllustrem
835 904 931 971 magis·
981 902 1093 955 iectiora
1109 901 1196 969 legum
1213 901 1281 955 scita
1297 907 1454 957 sustentare.
1489 901 1676 957 admonuimus

129 979 213 1031 trum,
235 971 281 1039 qui
305 971 406 1038 etipse
423 972 493 1040 apud
511 974 564 1025 Ber
593 973 695 1027 ‘enses³
719 972 784 1026 iuris
802 971 932 1039 interpres
982 984 1036 1032 eos,
1060 974 1091 1022 ut
1106 983 1235 1022 memores
1258 969 1338 1023 etiam
1361 976 1513 1023 nostrarum
1533 968 1600 1023 fiant
1617 984 1679 1023 cons

131 1040 290 1093 constitutus
315 1038 348 1091 ad
372 1038 424 1093 hoo
446 1055 513 1108 opus
575 1042 668 1093 ectus⁴
688 1044 738 1103 est,
753 1039 794 1091 uir
811 1038 845 1092 ab
863 1038 931 1091 anti-
982 1052 1053 1099 num,
1077 1050 1144 1155 quas
1162 1051 1211 1103 pro
1228 1035 1411 1091 emendatione
1427 1036 1494 1091 iuris
1511 1036 1679 1104 promulgari

148 1123 184 1160 ua
209 1107 291 1173 stirpe
318 1106 433 1173 legitima
477 1108 616 1169 recedens,
645 1123 705 1160 cum
729 1113 756 1159 et
777 1112 855 1175 pater
874 1105 932 1158 ιίιιι
982 1104 1083 1158 incon
1096 1108 1198 1157 ectrone
1220 1102 1417 1157 institutionum
1437 1103 1517 1157 ιιὶιιιι
1544 1103 1638 1158 eadem
1663 1118 1679 1157 e

130 1126 259 1227 leontius
277 1178 304 1225 et
321 1189 386 1225 usus
402 1124 540 1227 Euddsdus
557 1176 636 1243 post⁵
654 1173 800 1227 Patricium
816 1173 933 1226 inclutae
982 1172 1084 1224 ιιοιιι15
1105 1184 1205 1237 ponere
1227 1186 1280 1248 uon
1298 1178 1444 1225 morentur:
1469 1178 1500 1223 ut
1522 1171 1559 1225 sit
1573 1170 1679 1225 maniies

132 1240 322 1295 recordationis
346 1242 524 1308 quaestorium
547 1248 574 1295 et
590 1248 785 1295 antecessorem
801 1247 829 1295 et
844 1240 932 1293 Leon·
982 1237 1045 1304 quid
1055 1239 1075 1270 ¹⁶
1101 1243 1181 1291 antea
1206 1237 1348 1291 vacillabat
1374 1244 1401 1292 et
1426 1237 1490 1306 quid
1499 1239 1520 1272 ¹⁷
1581 1237 1679 1293 atesis

132 1309 197 1361 dum
219 1308 303 1361 uirum
325 1307 541 1373 gloriosissimum
562 1308 767 1377 praefectorium
793 1314 820 1361 et
837 1322 932 1361 consu-
982 1305 1084 1359 litatem
1107 1304 1243 1358 redactum
1261 1312 1310 1359 est.
1354 1305 1424 1372 quod
1442 1320 1543 1373 opusa
1578 1305 1621 1359 bis
1639 1320 1679 1373 per

131 1377 214 1428 larem
234 1380 314 1453 atque
336 1374 476 1442 patricium
499 1376 581 1429 tilium
602 1376 659 1429 eius
678 1376 802 1443 optimam
819 1374 862 1429 sui
879 1389 932 1428 mc·
983 1378 1013 1425 ut
1029 1373 1106 1426 nobis
1123 1371 1243 1425 oblatum
1260 1378 1287 1424 et
1303 1373 1430 1426 relectum
1447 1379 1496 1437 est,
1520 1377 1548 1426 et
1563 1388 1679 1441 pronos

132 1444 242 1495 moriam
264 1458 292 1494 m
315 1442 417 1508 legibus
440 1444 614 1510 reliquerunt:
637 1458 686 1496 nec
708 1458 761 1497 non
779 1442 933 1495 cmmuuu
982 1456 1040 1493 mus
1066 1439 1154 1493 animo
1180 1444 1208 1492 et
1232 1440 1331 1493 nostris
1357 1440 1479 1494 sensibus
1500 1455 1553 1493 non
1575 1437 1679 1506 indigns·

131 1511 215 1562 uirum
232 1509 362 1562 illustrem
379 1514 406 1562 et
424 1511 545 1563 comitem
568 1525 702 1564 sacrarum
723 1510 890 1577 largitionum
908 1515 934 1561 et
982 1506 1153 1560 iudicavimus
1180 1513 1207 1558 et
1231 1506 1382 1584 praedictos
1406 1507 1488 1561 libros
1511 1506 1679 1561 constitution

132 1577 258 1644 optimum
281 1580 476 1630 antecessorem
498 1577 577 1631 buius
601 1578 685 1631 ιΙιιιιι
708 1577 781 1631 urbis
804 1576 933 1630 constitu·
983 1590 1039 1626 cem
1056 1573 1156 1626 habero
1173 1574 1311 1627 iussimus:
1330 1573 1401 1641 quod
1417 1575 1445 1627 iu
1458 1573 1578 1629 oratione
1590 1579 1679 1627 nostm

131 1652 202 1697 tum:
222 1643 266 1711 qui
283 1657 374 1696 omnes
391 1643 426 1696 ad
443 1644 606 1711 praedictum
624 1660 691 1712 opus
708 1643 786 1698 electi
801 1652 865 1697 sunt
881 1659 934 1696 una
982 1641 1081 1694 eisdem
1116 1640 1190 1693 libris
1224 1643 1436 1708 praeposuimus,
1475 1640 1594 1695 certius
1629 1639 1679 1694 dec

132 1726 192 1764 cum
209 1710 373 1772 sensusne,
390 1710 487 1773 Mnus,
504 1711 681 1775 Psosnocro,
703 1712 868 1773 Euronmro,
886 1710 933 1762 Tr·
986 1712 1015 1760 ιι
1050 1707 1128 1761 Omni
1156 1707 1235 1773 igitur
1257 1706 1371 1761 Romani
1397 1708 1462 1762 iuris
1504 1708 1659 1776 'positione

132 1790 264 1840 monimo,
290 1776 438 1839 acosma,
463 1778 609 1844 Lucumo,
635 1779 785 1842 Pnsronn,
815 1778 933 1841 Incursu,
983 1775 1035 1828 sita
1052 1782 1079 1827 et
1095 1775 1123 1827 in
1140 1775 1224 1827 tribus
1242 1774 1426 1839 voluminibus,
1445 1775 1472 1829 id
1489 1782 1531 1829 est
1547 1774 1679 1829 institutio

132 1846 349 1908 determino,
374 1844 519 1909 lonssur,
545 1845 608 1899 viris
633 1845 856 1914 prudentissimis,
890 1845 934 1912 qui
984 1841 1145 1910 digestorum
1171 1857 1218 1895 seu
1243 1841 1434 1909 pandectarum
1459 1858 1509 1897 nec
1535 1858 1589 1897 non
1619 1857 1679 1896 cons

150 1911 238 1966 atroni
280 1911 366 1965 uidem
388 1919 453 1965 sunt
475 1927 615 1967 causarum
637 1914 709 1981 apud
732 1913 871 1965 maximam
892 1927 934 1965 se·
984 1925 1059 1973 num,
1083 1912 1203 1977 perlecta
1218 1915 1246 1961 et
1262 1909 1289 1961 in
1306 1910 1392 1963 tribus
1409 1908 1486 1964 anuis
1504 1916 1679 1963 consummati

131 1929 191 2032 dem
208 1927 399 2046 pragiecturae,
425 1995 493 2046 quae
509 1980 682 2034 orientalibus
699 1979 839 2047 praetoriis
856 1994 933 2047 prae·
984 1982 1015 2028 ut
1031 1974 1146 2043 primum
1164 1976 1312 2055 ιιιιιιιι11
1329 1977 1423 2044 coepit,
1441 1993 1527 2046 neque
1544 1977 1675 2030 intutum

132 2046 209 2109 sidet,
233 2048 327 2098 οιιιιιιι
349 2052 438 2099 autem
459 2063 524 2100 suae
540 2047 645 2100 virtutis
661 2047 841 2101 testimonium
858 2046 935 2100 undi-
985 2043 1058 2097 nium
1076 2060 1133 2097 com
1153 2043 1201 2096 len
1218 2044 1388 2121 sperabatur:
1413 2044 1587 2112 omnipotenti
1606 2043 1657 2097 deo
1676 2064 1679 2089 ι

132 2128 184 2181 que
207 2112 368 2181 accipientes
389 2120 417 2166 et
438 2115 549 2167 anobis
571 2114 605 2167 ad
621 2114 689 2167 tanti
707 2113 794 2182 operis
812 2128 934 2168 consum·
985 2125 1093 2177 operam
1114 2060 1151 2164 ad
1171 2111 1307 2164 hommum
1329 2112 1548 2167 sustentationem
1571 2111 1623 2179 piis
1645 2110 1679 2163 ob

131 2180 274 2234 maionem
307 2180 384 2233 electi
416 2190 486 2233 sunt.
530 2185 557 2234 et
589 2197 649 2234 cum
681 2196 770 2235 omnes
800 2181 828 2234 iu
852 2197 935 2234 uuum
985 2176 1078 2231 animis
1096 2178 1243 2246 uberesque
1259 2178 1359 2244 gratias
1375 2179 1605 2233 maximaedeitati
1618 2176 1679 2231 redd

133 2252 313 2302 convenerunt
338 2247 528 2313 gubernatione
555 2248 733 2301 Tmsosrnrn
755 2248 803 2301 riri
828 2247 934 2313 excelsi,
985 2260 1054 2313 quae
1078 2245 1155 2299 nobis
1177 2245 1312 2312 praestitit
1334 2254 1361 2299 et
1381 2246 1452 2299 bella
1468 2245 1581 2300 feliciter
1597 2260 1678 2312 agere

133 2322 164 2368 ut
185 2320 289 2367 tantum
312 2329 380 2382 opus
401 2315 478 2368 nobis
504 2315 658 2369 auctoribus
675 2316 780 2383 possint
796 2315 934 2380 conticere,
986 2318 1062 2366 nesta
1088 2327 1154 2380 pace
1180 2312 1309 2380 perpotiri
1318 2313 1339 2346 ¹⁰
1364 2319 1392 2366 et
1414 2329 1469 2368 non
1490 2316 1595 2367 tantum
1617 2318 1679 2365 nost

132 2381 182 2437 deo
204 2380 320 2449 propitio
342 2381 389 2434 ιιι7
429 2381 600 2449 uinquaginta
622 2382 705 2437 libros
727 2398 796 2482 opus
813 2398 935 2436 consum·
985 2379 1065 2432 ιιίιιιι
1089 2379 1160 2434 omni
1183 2395 1248 2433 aevo
1265 2386 1321 2433 tam
1336 2380 1448 2435 instanti
1464 2396 1544 2448 quam
1559 2378 1679 2448 posterio

134 2454 165 2501 ιι)
208 2456 306 2501 matum
333 2454 381 2502 est.
446 2458 509 2501 anta
537 2455 627 2502 autem
658 2450 735 2504 nobis
784 2449 936 2517 antiquitati
986 2452 1039 2513 (ιι)
1079 2448 1192 2515 optimas
1218 2462 1325 2515 ponere.
1373 2448 1494 2502 omnibus
1517 2448 1607 2514 itaque
1637 2446 1679 2500 bor

131 2515 224 2570 babitu
240 2522 281 2568 est
298 2516 451 2581 reverentia,
469 2521 500 2569 ut
516 2517 624 2570 nomina
640 2515 807 2584 prudentium
824 2516 934 2571 tacitur-
985 2513 1096 2567 eandem
1119 2514 1283 2569 sanctionem
1304 2514 1470 2569 manifestam
1495 2515 1584 2569 iacere
1609 2528 1679 2567 necet

132 2583 209 2637 nitati
231 2582 337 2636 trudere
360 2583 432 2638 nullo
455 2583 588 2651 patiamur
604 2583 697 2638 modo:
720 2582 767 2638 sed
790 2584 935 2652 unusquis-
986 2596 1043 2635 esse
1060 2581 1280 2650 perspeximus²⁰‚
1299 2587 1330 2635 ut
1346 2582 1381 2635 sit
1396 2582 1435 2635 eis
1453 2582 1594 2648 cognitum,
1613 2596 1679 2649 quar

131 2666 184 2719 que
208 2664 307 2710 eorum,
335 2649 380 2717 qui
405 2659 501 2704 auctor
525 2650 589 2719 legis
614 2650 674 2715 init,
703 2650 802 2705 nostris
827 2650 935 2719 digestis
985 2648 1090 2703 fusione
1113 2654 1142 2703 et
1161 2648 1321 2703 intinitate²¹
1343 2649 1458 2704 absoluti
1480 2650 1508 2703 in
1525 2652 1679 2717 quantamr

131 2717 275 2795 inscriptus
296 2722 350 2796 est:
373 2717 425 2770 boc
447 2717 631 2772 tantummodo
647 2734 665 2772 a
680 2718 758 2773 nubis
776 2718 879 2799 effecto,
896 2725 935 2782 ut,
985 2717 1084 2793 tionem
1107 2722 1135 2769 et
1157 2716 1297 2783 legitimam
1322 2717 1457 2769 veritatem
1501 2720 1673 2795 nvenerunt:

131 2782 236 2904 titi
252 2783 557 2929 lti‘tlbtsuill
573 2786 935 2917 {investitutus
985 2783 1391 2929 lililsfi’btltitltli
1405 2787 1679 2928 &benificiali

131 2934 192 2972 nem
214 2917 255 2971 vel
278 2916 483 2972 demmutsonem
506 2920 681 2973 necessariam
703 2920 819 2986 accipiat
834 2925 862 2973 et
877 2935 935 2973 rec·
985 2916 1139 2984 possidendi
1160 2916 1243 2972 bbros
1260 2933 1351 2970 aarum
1369 2917 1397 2970 ia
1434 2918 1523 2970 'tatem
1540 2916 1664 2971 idoneas:

131 2984 240 3039 tissimis
264 2984 386 3038 nudatur
410 2986 516 3051 regulis.
560 2994 588 3039 ct
612 2988 662 3039 cu⁰
686 2987 777 3040 mmtis
806 2986 936 3040 similibus
985 2983 1054 3037 mole
1084 2983 1234 3038 dintiarum
1266 3000 1381 3063 expensa
1412 2983 1517 3052 possint
1543 2983 1663 3038 homines

131 3052 173 3106 rel
199 3051 340 3105 contrariis
365 3052 436 3118 quod
461 3053 560 3106 rectius
583 3054 681 3107 babere
701 3053 857 3122 apparebat,
884 3053 935 3107 hoc
984 3065 1085 3104 uacuae
1115 3051 1202 3118 legum
1231 3051 1408 3106 multitudinis
1432 3050 1545 3118 adipisci
1568 3049 1679 3103 solumir

132 3134 181 3187 pro
198 3118 397 3195 aliisomnibus
414 3120 530 3186 positum
554 3126 595 3173 est
610 3135 716 3187 unaque
732 3120 855 3174 omnibus
872 3135 935 3174 auc·
984 3117 1110 3172 vilissima
1134 3119 1249 3196 pecunia
1279 3118 1366 3172 facilis
1390 3134 1482 3172 eorum
1507 3117 1673 3185 comparatio

132 3185 240 3239 toritate
262 3184 377 3248 mdulta,
400 3197 431 3239 ut
453 3185 580 3255 quidquid
603 3187 640 3239 ibi
663 3187 790 3255 scriptum
813 3192 861 3249 est,
884 3187 935 3241 boc
985 3190 1039 3238 tam
1054 3184 1193 3238 ditioribus
1209 3200 1288 3253 quum
1296 3185 1469 3248 tenuioribus,
1483 3184 1679 3263 minimopretic

133 3261 252 3306 nostrum
274 3260 404 3330 appareat
426 3259 454 3306 et
476 3268 509 3307 ex
531 3258 625 3307 nostra
647 3253 783 3307 voluntate
805 3254 935 3321 compesi-
987 3255 1017 3305 13
1040 3254 1094 3315 ill)
1136 3252 1277 3320 prudentia
1301 3252 1458 3321 reparanda.
1505 3252 1533 3306 si
1558 3250 1622 3330 qmd
1647 3266 1679 3304 au

132 3326 203 3373 tum:
227 3334 330 3372 semme
351 3318 466 3374 audente
484 3335 640 3386 comparare
656 3334 689 3374 ea
705 3336 774 3388 quae
790 3321 846 3374 anti
865 3320 935 3374 uitas
984 3324 1060 3371 mutu
1075 3318 1193 3385 legum²²
1210 3319 1409 3387 compositione,
1427 3334 1495 3387 quae
1513 3319 1547 3371 ab
1561 3332 1679 3371 immensu

133 3385 250 3440 babebat
278 3384 320 3438 bis
328 3386 350 3418 ¹⁰
380 3401 448 3454 quae
478 3392 570 3441 nostra
600 3387 746 3441 auctoritas
780 3388 835 3441 intr
869 3387 935 3451 urit,
985 3401 1043 3438 rum
1066 3402 1174 3439 ιιιιιιιιιο
1199 3386 1311 3440 collecta
1333 3394 1386 3450 est,
1403 3386 1487 3440 simile
1504 3386 1618 3439 forsitan
1636 3400 1679 3440 rar

133 3454 195 3523 quia
216 3452 300 3506 multa
317 3458 344 3505 et
360 3453 473 3507 marinna
490 3461 560 3518 sunt,
601 3469 652 3508 uae
668 3460 779 3522 propter
795 3454 935 3508 utilitatem
985 3452 1088 3515 nistur,
1111 3468 1187 3506 nemo
1211 3454 1262 3507 boc
1280 3452 1482 3521 vituperandum
1498 3452 1645 3515 existimet,
1668 3468 1679 3507 ι

132 3535 222 3575 rernm
242 3518 434 3574 transformata
454 3527 525 3575 sunt.
601 3536 632 3575 eo
649 3528 681 3574 ut
698 3522 764 3574 etsi
781 3521 935 3589 principalis
984 3534 1056 3572 mum
1090 3518 1178 3573 uidem
1194 3519 1369 3575 imbecillitati
1383 3520 1523 3583 humanae,
1560 3534 1610 3573 uae
1629 3525 1679 3572 nat

133 3586 289 3641 constitutio
305 3586 396 3641 meret
412 3588 439 3640 in
456 3587 589 3641 ueteribus
605 3588 679 3641 libris
696 3587 789 3653 relata,
808 3589 935 3656 nequeei
983 3586 1061 3651 inest,
1073 3537 1131 3640 5doc
1146 3587 1283 3652 inscribat,
1310 3586 1372 3654 quia
1388 3587 1503 3641 omnium
1574 3601 1618 3640 ere
1635 3602 1678 3638 me

133 3653 312 3723 pepercimus,
335 3653 431 3707 sedet
452 3654 522 3709 banc
546 3654 728 3723 corrigendam
753 3670 812 3709 esse
828 3655 933 3723 putavi·
984 3657 1012 3707 et
1032 3654 1139 3720 penitus
1161 3652 1189 3706 in
1211 3654 1284 3709 nullo
1306 3670 1418 3721 pecccare
1442 3653 1587 3708 divinitatis
1608 3654 1678 3721 magi

133 3736 191 3775 mus
214 3721 292 3774 etin
313 3720 406 3775 melius
429 3721 669 3775 restaurandam¹¹.
708 3722 859 3776 nominibus
879 3728 933 3776 ete·
984 3720 1152 3775 momalitatis
1178 3728 1232 3775 est:
1258 3721 1329 3789 quod
1355 3728 1382 3775 et
1407 3737 1424 3776 a
1448 3721 1592 3775 maioribus
1615 3720 1679 3774 dictu

132 3788 186 3842 nim
207 3787 339 3841 veteribus
360 3787 474 3853 relictis,
495 3787 622 3857 quidquid
647 3788 733 3856 legum
759 3789 864 3843 verimi
889 3788 934 3843 do·
985 3786 1079 3841 deindo
1104 3788 1185 3851 sciat,
1211 3789 1283 3855 quod
1306 3788 1448 3842 similitudo
1470 3789 1498 3842 in
1521 3787 1679 3856 quibusdam

133 3870 225 3909 corum
242 3860 269 3908 et
285 3854 465 3909 necessarium
481 3855 605 3918 iuerat¹²,
625 3856 678 3910 boc
694 3857 794 3910 nostris
810 3856 934 3911 emenda-
985 3854 1144 3909 brerissimis
1170 3855 1311 3923 adsumpta
1336 3872 1390 3909 nou
1406 3854 1506 3909 inutilis
1526 3860 1582 3919 est,
1608 3862 1635 3907 et
1653 3871 1679 3907 ιιι

133 3921 250 3975 tionibus
267 3923 435 3976 servarimus.
477 3929 504 3976 et
524 3924 722 3991 propterbanc
739 3938 848 3978 causam
867 3924 935 3978 etsi
984 3928 1104 3979 ιιιιιιιιιιι
1127 3922 1292 3990 propositum
1314 3922 1365 3977 boc
1388 3924 1575 3977 subsecutum:
1598 3928 1679 3975 aute

133 3988 196 4058 quid
218 3989 288 4041 inter
310 4004 357 4044 eos
378 3988 563 4054 dubitabatur,
586 3990 639 4044 boc
662 3990 716 4044 iam
732 3990 760 4044 in
776 3990 935 4045 tutissimam
984 3989 1028 4043 lex
1044 3989 1195 4043 necessaria
1211 3995 1277 4051 eret,
1294 3994 1325 4042 ut
1343 3989 1451 4043 dirersis
1470 3988 1553 4043 titulis
1570 3994 1679 4056 propter

137 4061 163 4109 ll
200 4055 320 4125 pervenit
341 4055 470 4122 quietem,
491 4056 565 4111 nullo
587 4057 720 4111 titubante
740 4057 842 4112 relicte.
883 4058 936 4113 Sed
984 4055 1196 4123 ιοςιιιιιιιιιιιι13
1213 4056 1341 4125 adplicari
1359 4071 1416 4109 eam
1430 4062 1559 4124 oporteat,
1577 4062 1632 4117 aut,
1651 4072 1679 4109 cu

134 4139 194 4177 cum
215 4122 414 4191 prospeximus,
437 4124 509 4191 quod
534 4124 569 4176 ad
593 4123 751 4192 portandam
779 4132 870 4179 ιιιιιιι
890 4141 934 4179 sa-
984 4130 1027 4176 rat
1042 4123 1101 4176 aliis
1119 4122 1229 4181 diuersis
1246 4124 1384 4191 permixta,
1406 4122 1569 4190 impossibile
1588 4129 1679 4175 erate

133 4190 249 4259 pientiae
271 4190 366 4244 molem
388 4206 442 4244 non
463 4196 527 4244 sunt
549 4190 637 4245 idonci
662 4192 782 4246 homines
804 4192 885 4246 rudes
908 4198 935 4246 ct
984 4196 1074 4258 partes
1094 4189 1227 4244 (ιιιιιιιιΝ
1260 4206 1293 4245 ue
1321 4197 1405 4244 totuus
1429 4189 1614 4243 confundatur.
1659 4199 1679 4242 ιι

133 4257 180 4325 qui
201 4256 228 4310 in
253 4256 344 4326 primis
367 4257 454 4325 legum
471 4256 607 4312 uestibulis
629 4263 730 4313 ιιιιιιιι
740 4259 762 4292 ¹³
784 4260 884 4312 intrare
900 4259 935 4313 ad
983 4257 1113 4324 partibus,
1135 4231 1277 4325 inquibus
1298 4258 1504 4326 perfectissimae
1521 4256 1665 4310 visiones²³

133 4340 233 4378 arcana
252 4339 344 4377 eorum
366 4334 525 4392 properant,
548 4331 576 4379 ct
598 4325 677 4379 sliam
697 4325 856 4380 mediocrem
873 4342 933 4380 eru·
983 4332 1028 4377 tae
1040 4328 1158 4378 veterum
1175 4325 1288 4385 fuerunt,
1306 4325 1377 4393 quod
1394 4324 1574 4392 particulatim
1590 4324 1618 4375 in
1635 4339 1679 4377 eas

132 4391 287 4446 ditionem¹⁴
308 4390 520 4471 praeparandam
536 4407 594 4446 esse
612 4393 769 4457 censuimus,
787 4398 819 4447 ut
834 4393 884 4447 sub
902 4409 935 4447 ea
983 4406 1120 4469 sparsum,
1144 4392 1195 4445 boc
1219 4391 1335 4445 diuidere
1358 4407 1391 4445 ao
1408 4406 1532 4459 separare
1548 4391 1654 4459 penitus
1672 4408 1679 4444 ι

133 4458 244 4513 colorati
261 4464 289 4511 et
304 4474 381 4527 quasi
396 4458 520 4526 primitiis
537 4459 653 4513 omnium
668 4459 763 4513 imbuti
779 4459 883 4527 possint
899 4461 934 4514 ad
984 4458 1073 4521 ornile,
1096 4474 1129 4511 ne
1147 4464 1201 4511 tam
1217 4474 1312 4513 seusus
1353 4475 1414 4511 uam
1431 4473 1508 4512 aures
1525 4457 1667 4524 legentium

131 4524 279 4594 penetralis
301 4540 392 4579 eorum
414 4524 514 4579 intrare
534 4534 563 4579 et
578 4526 688 4580 formam
705 4527 792 4594 legum
808 4527 932 4595 pulcher·
985 4531 1016 4578 ιι
1050 4526 1246 4594 perturbentur.
1280 4525 1415 4593 Simi'que
1435 4524 1513 4579 modo
1532 4524 1555 4578 si
1572 4524 1634 4603 quid
1651 4540 1679 4591 pr

132 4594 225 4646 rimam
250 4608 304 4646 non
330 4592 512 4647 coniventibus
538 4592 622 4647 oculis
647 4593 777 4662 accipere.
820 4598 848 4648 ct
872 4593 932 4649 ideo
982 4592 1053 4646 libus
1071 4592 1304 4647 constitutionibus
1321 4603 1429 4646 cautum
1445 4598 1494 4653 est,
1512 4593 1563 4645 hoc
1581 4608 1608 4644 m
1625 4590 1679 4658 digs

132 4660 316 4737 Τιιιιιοιιιιιιο
332 4660 389 4713 viro
405 4660 526 4725 excelso,
549 4660 594 4727 qui
618 4659 652 4714 ad
675 4661 757 4715 totius
780 4660 867 4729 operis
873 4678 932 4781 ff*
983 4659 1113 4714 rolumine
1136 4659 1200 4728 poni
1222 4659 1295 4713 nullo
1319 4660 1498 4713 concessimus
1519 4659 1604 4736 mode,
1628 4674 1679 4725 qua

131 4728 313 4780 bernabonem
330 4727 431 4781 electus
447 4733 564 4791 estnec
579 4742 634 4780 non
647 4726 821 4782 Τιιιοιιιιιο
839 4733 867 4781 ιι
899 4742 931 4783 0·
982 4727 1151 4781 stitutionum
1174 4726 1331 4781 recitatione
1351 4726 1513 4780 sufficiente:
1537 4742 1587 4779 n1s1
1612 4731 1640 4779 et
1656 4724 1679 4777 b

132 4807 249 4847 ιιοιιιιιο
271 4794 333 4847 viris
354 4794 502 4848 illustribus
523 4799 551 4848 et
566 4793 763 4849 facundissimis
780 4802 930 4851 antecesso—
981 4810 1015 4848 ex
1039 4793 1123 4848 isdem
1149 4793 1249 4858 mesu,
1276 4792 1374 4861 quibus
1399 4792 1544 4847 similitudo
1570 4792 1679 4860 adsump

38 4900 46 4909 ,
132 4862 206 4915 ribus
228 4861 363 4916 accersitis
385 4861 578 4926 mandarimus,
600 4868 731 4929 quatenus
750 4862 840 4927 libris,
864 4879 931 4930 quos
983 4866 1013 4915 ιι
1054 4860 1221 4916 centnm
1243 4865 1333 4915 autem
1355 4860 1454 4929 aliquid
1476 4860 1505 4914 in
1527 4860 1580 4914 boo
1600 4857 1679 4914 codic

131 5034 161 5093 (ι)
173 5032 209 5080 sic
226 5032 254 5089 F,
272 5034 424 5094 ‹quaestorcm
442 5031 500 5081 libri
578 5031 612 5094 (ι)
630 5030 805 5082 rcmtiensium
823 5033 851 5093 F,
867 5031 932 5082 beri·
981 5034 1074 5082 stantes
1090 5034 1115 5083 et
1135 5031 1157 5082 0
1224 5032 1271 5149 ἓιι)
1288 5029 1482 5082 emendationum
1500 5030 1573 5095 I)i9..·
1595 5026 1679 5094 ussup

131 5097 237 5147 tensium
248 5098 305 5148 libri
337 5100 370 5161 (ι)
381 5096 566 5163 reryticnseaF,
580 5096 714 5149 ιιιιιιιιιιι
724 5099 783 5149 iibri
815 5100 931 5162 (l)sicF,
981 5095 1131 5168 εἰσαγωγήν
1148 5117 1169 5149 c.
1186 5098 1226 5149 Δι’
1241 5116 1311 5148 ossen
1394 5100 1439 5160 (ιι)
1456 5100 1491 5147 sic
1509 5098 1537 5158 F,
1554 5096 1654 5146 eandem
1672 5112 1679 5145 ι

130 5164 241 5214 adiectus
250 5166 309 5215 libri
371 5166 406 5229 (ι)
422 5170 479 5231 post
492 5164 554 5215 Hui
570 5183 622 5217 cum
640 5184 659 5217 c.
670 5160 801 5227 Ae'dursrs,
818 5167 863 5230 qui
876 5171 933 5231 pust
981 5166 1081 5216 datione
1098 5166 1136 5225 M,
1154 5165 1256 5217 mudum
1273 5165 1466 5215 emendationum
1480 5165 1523 5215 Cli
1581 5165 1625 5225 (te)
1642 5178 1679 5225 qu:

130 5230 307 5285 libricarnF’:
322 5236 378 5296 pest
452 5232 533 5282 lilium
541 5232 595 5283 sitm
602 5250 646 5283 om.
658 5232 692 5283 F¹
747 5234 933 5297 (alomneFii‘
981 5232 1049 5296 quod
1066 5230 1155 5284 ιιἾιΜυ
1222 5236 1266 5295 (ιι)
1283 5231 1344 5296 quid
1360 5232 1391 5291 F,
1408 5231 1474 5294 quod
1490 5232 1547 5281 libri
1612 5233 1658 5295 (ts)
1675 5246 1679 5277 ι

130 5313 215 5349 omnes
226 5295 282 5350 ΟΒθ
331 5302 364 5363 (ι)
380 5299 520 5363 praediatus
536 5300 652 5367 iaaDip.
701 5302 736 5363 (t)
752 5316 768 5349 a
783 5300 855 5352 nobis
866 5300 937 5353 ΡΜ
982 5302 1024 5363 P,
1039 5301 1133 5365 sperari
1149 5298 1230 5351 molt
1296 5303 1342 5365 (ιι)
1358 5300 1435 5359 sici]
1452 5297 1529 5362 potiri
1539 5295 1580 5348 cs
1646 5302 1679 5359 (ιι

130 5368 165 5429 (ι)
181 5380 212 5415 ex
231 5366 276 5417 CR
292 5384 344 5417 cam
366 5386 386 5415 c.
404 5362 535 5429 Δι’δωκιν,
552 5366 580 5417 in
597 5368 624 5419 F
697 5368 744 5431 (ιι)
761 5368 800 5419 his
820 5368 864 5421 CR
880 5386 932 5419 cum
980 5367 1151 5432 prospeximus
1164 5364 1206 5419 Cli
1289 5370 1333 5431 (ιι)
1346 5369 1383 5418 ric
1397 5366 1424 5417 F
1435 5386 1486 5417 curu
1504 5384 1523 5415 c.
1543 5359 1674 5427 Δι’δωκιν,

131 5450 152 5483 c.
168 5428 301 5495 Actaeo,
317 5436 343 5483 et
359 5434 385 5485 F
456 5436 499 5495 (ιι)
516 5435 563 5485 boo
578 5433 752 5501 corrigendum
767 5450 818 5487 ease
834 5435 933 5501 putari·
981 5438 1033 5487 tate
1047 5433 1091 5486 GR
1141 5436 1190 5500 (ιι)
1205 5434 1234 5485 in
1249 5438 1320 5485 tanta
1336 5433 1420 5498 legum
1436 5432 1463 5495 F,
1480 5432 1564 5496 legum
1580 5432 1607 5481 iu
1622 5434 1679 5481 tant

130 5514 185 5551 mna
201 5504 227 5551 et
242 5501 270 5551 in
286 5499 375 5553 melius
390 5500 578 5553 rmtaurandam
593 5502 654 5570 Dio.
721 5504 765 5567 (ιι)
781 5505 817 5555 ric
834 5504 862 5564 l}
878 5503 933 5554 iue-
981 5516 1042 5566 gum
1057 5502 1086 5551 in
1101 5504 1172 5553 ιιιιιι
1187 5498 1301 5553 autemid
1400 5502 1447 5564 (ιι)
1464 5502 1501 5551 sic
1515 5500 1542 5562 F,
1560 5498 1679 5563 cognib'or

131 5566 167 5619 rit
177 5568 221 5621 CR
270 5568 316 5631 (ιι)
332 5571 425 5619 cuntes
440 5568 483 5631 Ρ,
500 5572 580 5619 mutas
589 5570 633 5633 ΡΙ,
649 5574 717 5622 mast
732 5574 758 5621 ot
771 5572 808 5635 bl,
825 5567 933 5633 meli,
982 5572 1029 5635 (ιι)
1046 5568 1150 5621 lucani
1166 5568 1226 5621 nal.
1293 5572 1341 5633 (ιι)
1356 5570 1393 5620 sic
1408 5568 1437 5633 F,
1454 5566 1574 5635 iuniores
1590 5564 1635 5619 GR
