3832 6126
127 284 191 350 llll
212 288 338 351 34-35
937 276 998 350 174
1641 304 1729 351 nara

812 378 909 388 ——n——-
916 379 1112 387 n———.——

128 469 306 524 exhibendum
324 469 403 536 actia
425 468 473 522 scil
490 468 570 521 etiam
586 467 615 520 in
633 483 689 522 reni
707 468 849 522 vindicatio
867 485 938 523 eom·
962 474 965 525 Ι
989 474 1143 522 contractus
1177 468 1222 536 qui
1248 483 1281 522 ex
1312 469 1384 523 bona
1411 469 1464 523 fide
1490 468 1575 521 oritur
1600 466 1637 521 nd
1660 470 1730 537 periit

128 538 202 606 petit.
254 537 309 592 ΡΙ).
335 551 390 591 1111
414 536 463 590 id·
489 534 541 590 lut.
570 534 696 590 Maximo
724 550 751 589 ιι
775 547 802 590 et
830 535 938 590 Urlurro
991 542 1000 589 t
1039 537 1198 589 retrahatur.
1240 536 1293 590 Sed
1317 544 1344 590 et
1367 538 1389 590 si
1412 553 1445 591 cx
1467 542 1580 605 utraque
1603 543 1682 605 parte
1699 536 1730 589 ali

128 622 215 661 coires.
826 609 859 668 [a.
879 608 938 667 234]
988 603 1069 657 luerit
1091 603 1255 683 depositum,
1283 621 1333 659 nec
1359 605 1387 657 in
1411 605 1462 658 hoe
1485 619 1550 658 casu
1576 610 1730 673 compensat

162 670 182 729 ’Ζ
206 672 274 745 Imp.
299 671 455 727 Gordianus
477 674 507 725 A.
534 671 638 726 Celsino
663 671 748 725 rru'liti.
789 671 894 725 Usurae
913 671 939 723 in
988 670 1154 739 praepeditio
1180 672 1294 736 oriatur,
1322 673 1369 727 sed
1396 672 1533 740 depositae
1562 671 1667 741 quidem
1690 688 1730 726 res

129 741 243 810 depositi
266 741 372 795 achone
394 741 465 793 sicut
487 740 515 792 in
538 738 634 793 ceteris
653 739 738 793 honae
755 738 816 792 tidei
834 739 939 792 iudiciis
963 758 965 771 =
988 738 1119 806 pecuniae
1136 739 1170 793 ab
1189 746 1303 808 utraque
1326 746 1403 808 parte
1427 756 1506 820 quain
1524 740 1660 794 celerrime
1677 740 1730 793 sine

129 826 162 864 ex
179 824 255 863 mora
271 809 360 862 venire
378 808 472 862 solent.
508 806 541 859 D.
560 805 585 859 lc.
601 806 669 861 ll'oir.
688 806 740 860 Ilio
758 818 784 860 ct
802 805 939 861 Pontiano
989 822 1041 874 quo
1060 807 1200 861 obstaculo
1217 809 1402 874 restituant-ur,
1421 825 1445 861 ci
1463 808 1583 861 videlicet
1605 807 1730 875 primurn.

129 893 217 931 corus.
827 880 860 939 [a.
880 877 939 938 2th
989 873 1090 942 primus
1117 874 1169 927 hoc
1198 874 1323 941 voluerit,
1351 884 1379 929 et
1404 880 1498 944 postca
1524 875 1657 943 legitimae
1682 884 1730 929 net

163 941 290 1001 3²Iderrr
308 944 338 996 A.
357 943 506 997 Austrorrio
524 941 611 995 ruilitr'.
650 941 679 994 Si
703 941 817 1010 depositi
835 941 939 1009 experi-
990 948 1005 994 2
1040 942 1158 1009 integrae
1176 943 1199 995 ei
1217 950 1393 998 reserventur.
1429 943 1506 1010 Quod
1523 943 1645 997 obtinere
1662 944 1730 997 sicut

129 1014 174 1075 ris,
196 1027 251 1066 uon
268 1011 399 1065 immerito
418 1010 514 1063 etiam³
531 1024 628 1063 usuras
648 1010 696 1062 tibi
714 1010 819 1062 restitui
836 1009 939 1089 tingite·
990 1008 1091 1062 dictum
1109 1015 1150 1063 est
1167 1018 1274 1078 oportet
1291 1016 1319 1064 et
1336 1012 1359 1065 si
1376 1028 1410 1065 cx
1427 1027 1482 1064 una
1497 1018 1573 1078 parte
1587 1010 1716 1130 depositio

130 1081 178 1145 bis,
197 1096 258 1133 cum
273 1079 322 1133 tibi
336 1078 434 1133 debeat
445 1077 583 1145 gratulari,
597 1076 668 1144 quod
682 1077 748 1130 iurti
761 1092 821 1130 euni
835 1085 941 1130 actione
989 1077 1135 1135 brataeat.
1154 1092 1187 1130 ex
1205 1078 1398 1132 alternantem
1417 1078 1598 1148 compensatio
1630 1078 1730 1131 uerit·

129 1165 184 1202 non
205 1147 290 1202 iacias
315 1146 471 1209 obnoxium,
493 1145 516 1197 si
534 1143 639 1212 quidem
657 1145 775 1223 quirem
793 1144 940 1213 depositam
990 1145 1054 1207 sita,
1079 1149 1110 1197 ut
1131 1145 1186 1198 inte
1218 1146 1323 1199 somni
1341 1146 1458 1215 legitima
1476 1146 1578 1199 ratione
1597 1152 1702 1199 servata

129 1216 211 1270 invito
236 1215 342 1270 domino
366 1214 453 1268 sciens
471 1212 642 1281 prudensque
665 1228 693 1264 ιιι
711 1227 776 1265 usus
794 1228 857 1266 suos
876 1228 939 1266 con·
990 1212 1058 1265 sitae
1089 1228 1132 1265 res
1160 1228 1191 1265 ve
1234 1214 1364 1281 pecuniae
1395 1215 1481 1282 prima
1503 1213 1592 1267 fronte
1615 1213 1730 1270 restitut

129 1283 253 1346 verterit,
280 1282 359 1336 etiam
384 1280 449 1335 furti
476 1280 573 1333 delicto
600 1279 726 1333 succedit.
768 1278 801 1333 Ι).
820 1281 870 1333 iit.⁴
888 1278 939 1332 Iul.
991 1284 1005 1330 3
1041 1279 1119 1345 Quod
1142 1280 1164 1333 si
1186 1279 1214 1333 in
1237 1282 1345 1350 seriptis
1363 1282 1499 1336 attestatio
1517 1297 1571 1335 non
1588 1296 1638 1350 per
1654 1280 1730 1338 doru

131 1350 271 1405 Gordiane
288 1352 319 1403 A.
338 1358 365 1403 et
380 1349 478 1403 Auiola
496 1364 583 1401 cerras.
828 1353 862 1412 [a.
881 1351 939 1410 299]
989 1347 1112 1401 fraudem
1129 1348 1218 1402 'fuerit
1244 1349 1269 1402 ci
1295 1349 1340 1418 qui
1367 1349 1517 1417 depositum
1546 1348 1666 1418 suscepit
1689 1351 1730 1405 ah.

163 1416 277 1475 ‘iidem
294 1418 325 1471 A.
347 1415 491 1470 limocrutr'
509 1415 594 1469 nitati.
637 1415 665 1468 Si
688 1415 809 1482 deposita
827 1415 942 1482 pecunie
990 1416 1162 1479 transmissa,
1186 1422 1217 1468 ut
1240 1416 1346 1470 minime
1370 1417 1520 1485 depositum
1538 1416 1677 1479 restituat,
1698 1417 1730 1471 ln

129 1487 152 1540 is
175 1486 220 1554 qui
238 1500 296 1539 eam
313 1484 432 1552 suscepit
449 1499 514 1537 usus
532 1487 585 1547 est,
604 1500 657 1536 nori
675 1482 786 1536 dubium
804 1487 845 1536 est
861 1484 941 1537 etism
990 1498 1039 1550 per
1059 1483 1245 1538 iusiurandum
1262 1483 1456 1546 adfirmaverit,
1477 1485 1556 1539 liceat
1574 1485 1598 1538 ei
1616 1487 1661 1552 qui
1679 1484 1730 1556 dep

130 1569 224 1608 usuras
240 1553 335 1607 debere
350 1558 496 1621 praestare.
525 1549 572 1604 sed
586 1551 616 1616 si,
635 1567 696 1604 cum
710 1550 823 1619 depositi
837 1550 942 1604 actione
991 1551 1041 1604 sub
1064 1550 1227 1606 defensionis
1250 1553 1355 1607 cautela
1374 1552 1471 1606 idonea
1489 1553 1619 1631 praestita
1635 1568 1679 1607 res
1696 1552 1730 1606 dr

129 1627 257 1690 expertus
282 1636 323 1684 es,
347 1618 531 1673 tantummodo
555 1619 636 1673 sortis
658 1618 732 1671 iacta
756 1619 941 1687 condemnatio
990 1623 1033 1672 tas
1052 1619 1211 1697 quantocius
1229 1635 1396 1689 recuperare.
1434 1618 1559 1674 Itemteta
1580 1622 1693 1700 septimo
1722 1640 1730 1675 i

130 1695 183 1752 est,
208 1689 280 1743 ultra
301 1704 355 1742 non
377 1691 473 1756 potes⁵
495 1691 607 1756 propter
623 1702 720 1741 usuras
738 1686 866 1755 experiri:
888 1702 941 1739 non
990 1687 1034 1740 rio
1057 1703 1087 1738 m
1108 1703 1179 1741 nouo
1201 1690 1365 1742 consistorio
1387 1689 1491 1760 palatii
1515 1687 1669 1743 liestiruuur'.
1719 1708 1730 1743 e

129 1757 199 1812 enim
223 1757 291 1810 duae
315 1761 378 1811 sunt
401 1755 521 1808 actiones
543 1754 598 1807 alia
620 1755 699 1808 sortis
720 1753 773 1807 alia
791 1769 941 1815 usurarum,
991 1753 1016 1807 lc.
1037 1753 1105 1808 ll'ea
1124 1753 1208 1808 Decio
1227 1771 1301 1809 coris.
1689 1758 1725 1819 [a.

130 1825 177 1880 sed
199 1840 267 1887 una,
292 1839 325 1877 ex
347 1838 400 1891 qua
424 1821 645 1876 condemnatione
668 1821 741 1875 iacta
758 1822 854 1875 iterata
871 1821 941 1875 actio
1027 1819 1067 1877 12
1091 1819 1167 1876 Idem
1184 1824 1215 1876 A.
1236 1822 1356 1876 Inhorrui
1387 1842 1422 1894 rp.
1465 1824 1661 1903 Supervacuum
1684 1830 1730 1876 vet

130 1893 168 1947 rei
186 1892 320 1946 iudicatae
337 1890 495 1959 exceptione
512 1888 658 1957 repellitur.
880 1955 890 1965 ,
992 1888 1166 1942 differentiam
1190 1905 1205 1942 e
1227 1890 1313 1944 medio
1331 1842 1469 1954 tolieutes,
1494 1908 1517 1944 si
1541 1892 1600 1959 quis
1619 1896 1716 1945 certum

163 1959 182 2017 5
207 1959 295 2031 impp.
327 1958 489 2012 Valerianus
518 1965 545 2010 et
569 1955 709 2011 Gallienus
730 1958 785 2009 AA.
810 1964 837 2011 et
865 1955 942 2009 lai.—
993 1957 1044 2011 dus
1068 1957 1127 2010 auri
1145 1958 1187 2011 vel
1210 1959 1326 2012 coniecti
1344 1960 1385 2011 rel
1408 1960 1435 2011 in
1459 1974 1547 2012 massa
1565 1958 1730 2013 constitutid

131 2028 252 2083 ieiunus
276 2026 302 2080 C.
328 2025 448 2080 claruere.
491 2025 605 2092 Propter
627 2025 805 2077 instrumenta
828 2023 941 2092 quidem,
992 2024 1077 2079 suerit
1094 2032 1121 2078 et
1137 2025 1227 2093 plures
1245 2026 1354 2095 scripsit
1371 2025 1482 2080 heredes
1500 2033 1527 2079 et
1544 2041 1613 2080 unus
1632 2042 1664 2079 ex
1679 2027 1717 2079 liis

148 2110 199 2150 nae
215 2099 243 2149 te
261 2093 419 2173 deposuisse
437 2109 497 2147 cum
512 2092 666 2146 adversario
679 2098 725 2145 tuo
739 2091 814 2156 dicis,
832 2098 863 2144 ut
876 2093 942 2146 resi·
991 2092 1136 2160 tingentem
1154 2092 1206 2147 sibi
1224 2095 1374 2214 partionem
1392 2110 1409 2147 a
1426 2094 1587 2162 depositaria
1605 2109 1654 2148 ace
1687 2095 1730 2159 ii„

130 2112 184 2217 aaa
205 2177 320 2231 pecunia
343 2176 410 2228 quae
434 2176 466 2214 ex
488 2159 666 2214 conductione
688 2159 834 2213 debebatur
857 2159 942 2214 disso-
992 2160 1171 2228 supersederit
1193 2177 1225 2214 ve
1252 2162 1319 2216 alias
1330 2165 1351 2195 ¹⁴
1373 2162 1485 2215 fortuito
1509 2178 1574 2216 casu
1594 2162 1664 2230 impe
1682 2161 1727 2214 itus

131 2231 189 2284 luta
221 2245 254 2284 ea
279 2229 426 2297 reciperes,
458 2229 480 2282 si
505 2228 533 2280 id
559 2227 631 2296 quod
656 2228 795 2296 placuerat
820 2227 942 2296 implesti,
992 2227 1082 2282 iacere
1105 2245 1159 2282 non
1203 2230 1313 2292 otuerit‚
1337 2237 1364 2283 et
1387 2236 1482 2298 postea
1506 2229 1726 2298 depositariusin

131 2316 144 2353 a
179 2304 295 2352 uentrem
319 2301 395 2365 potes
420 2296 568 2350 convenire.
613 2295 731 2362 quamvis
760 2302 849 2349 autem
876 2296 943 2349 haec
992 2310 1094 2351 versam
1117 2295 1171 2349 inei
1190 2297 1242 2350 erit
1265 2297 1400 2351 fortunam
1424 2298 1465 2350 vel
1488 2297 1546 2351 sine
1568 2297 1630 2351 dolo
1655 2297 1729 2364 depos

131 2313 236 2421 rffidita
252 2380 305 2418 non
324 2363 431 2428 luerint,
450 2370 539 2417 tamen
556 2362 683 2416 adversus
701 2377 762 2416 euni
780 2378 862 2431 aquo
882 2362 943 2416 iun·
992 2362 1150 2430 perdiderit,
1181 2365 1315 2418 sancimus
1338 2381 1392 2420 non
1415 2381 1473 2419 esse
1497 2365 1622 2420 cohercdi
1644 2365 1698 2419 eius
1718 2364 1730 2417 li

131 2434 194 2488 dum
221 2431 402 2494 conduxeras,
429 2433 452 2485 si
476 2445 554 2485 omne
578 2431 649 2499 quod
675 2447 708 2484 ex
729 2431 781 2484 boe
804 2436 943 2485 conuecta
992 2431 1057 2484 tiam
1071 2432 1161 2485 venire
1179 2439 1273 2486 eontra
1292 2433 1448 2488 coheredem
1466 2449 1544 2487 suum
1563 2440 1590 2487 et
1606 2448 1640 2486 ex
1657 2433 1730 2511 eiusp

129 2501 280 2555 debebatur
296 2498 442 2562 reddidisti,
463 2498 472 2552 i
492 2499 528 2552 sis
547 2497 726 2553 solutionibus
743 2504 818 2552 tutus
836 2514 872 2552 es.
909 2498 941 2551 Jr.
993 2499 1116 2563 avellere,
1144 2500 1216 2567 quod
1242 2501 1299 2568 ipsc
1322 2516 1356 2555 ex
1378 2517 1429 2555 sua
1451 2506 1527 2569 parte
1549 2501 1676 2569 consequi
1698 2516 1728 2553 im

131 2569 166 2623 id.
186 2566 238 2622 lul.
258 2567 408 2622 Aemiliano
426 2574 454 2621 et
498 2582 561 2621 esso
579 2582 666 2620 corus.
830 2571 864 2631 [α.
883 2569 943 2629 299]
993 2566 1123 2634 potuerit,
1150 2567 1227 2635 quasi
1253 2584 1285 2622 eo
1308 2568 1379 2648 quod
1404 2569 1515 2623 coheres
1541 2584 1606 2624 acce
1626 2569 1647 2621 it
1673 2584 1730 2622 coru

169 2628 189 2689 6
205 2633 292 2707 impp.
311 2633 499 2689 Diocletianus
522 2641 548 2687 et
565 2633 753 2687 lllaer'rrrr'urias
769 2635 825 2687 AA.
849 2642 877 2688 et
895 2634 942 2688 t't'.
994 2634 1153 2700 constituto,
1178 2651 1251 2696 oum,
1274 2637 1321 2689 ulri
1338 2643 1428 2690 certae
1445 2637 1576 2705 pecuniae
1611 2638 1725 2705 epositae

131 2703 250 2758 Autom'o
265 2701 426 2757 Alexandro
444 2702 489 2755 et⁶
505 2700 621 2773 Utpriuuo
635 2702 781 2771 Antipatri.
808 2700 843 2767 Is,
862 2716 943 2769 penes
993 2708 1054 2754 rant
1082 2709 1109 2755 et
1134 2718 1209 2756 suam
1235 2712 1340 2771 partem
1366 2721 1436 2758 uuus
1467 2720 1500 2757 ex
1525 2704 1667 2759 heredibus
1692 2718 1730 2757 aci

132 2784 210 2840 quein
234 2777 360 2838 amneque
383 2774 473 2839 partes
491 2768 690 2823 transactiones
708 2769 749 2823 rel
772 2769 826 2822 alia
845 2769 943 2822 instru-
994 2769 1092 2822 ueudni
1114 2771 1215 2824 reniret
1237 2771 1265 2824 in
1288 2771 1398 2825 dubium
1423 2773 1491 2825 bone
1513 2788 1572 2827 eum
1590 2771 1722 2841 accepisse

132 2844 222 2893 menta
244 2836 444 2892 commendasse
461 2836 539 2903 dieis,
563 2838 647 2904 legem
670 2853 723 2906 qua
741 2836 807 2891 haee
825 2836 944 2906 siucepit
993 2844 1047 2890 tem
1072 2853 1149 2892 suain
1174 2845 1202 2891 et
1226 2855 1280 2893 non
1305 2839 1402 2893 debere
1428 2840 1508 2893 aliam
1533 2846 1637 2909 partem
1666 2839 1730 2892 attin

132 2920 237 2961 serrare
255 2920 363 2960 necesse
380 2905 485 2959 hahet.⁷
830 2908 864 2968 [u.
884 2908 943 2967 293]
994 2904 1071 2958 uobis
1088 2905 1184 2959 etenim
1203 2923 1257 2960 non
1274 2906 1456 2962 videturesse
1474 2908 1553 2962 homo
1571 2907 1701 2962 obnoxius
1718 2923 1730 2959 u

166 2971 279 3030 'iidem
296 2973 352 3025 AA.
371 2980 398 3026 et
416 2971 463 3026 CC.
487 2970 623 3026 Aritioclio
641 2970 731 3025 Attico
757 2968 942 3025 Culrrirru'erro
993 2972 1022 3024 in
1044 2987 1133 3026 messa
1156 2988 1242 3043 noque
1265 2974 1292 3027 iii
1314 2975 1404 3043 specie
1426 2990 1511 3044 neque
1535 2976 1563 3029 in
1583 2974 1729 3043 pecunias

132 3040 296 3095 Democriti.
336 3039 506 3093 Desiderium
528 3047 605 3093 tuum
629 3054 688 3093 cum
711 2989 860 3092 rationssus
878 3039 944 3092 iuris
994 3045 1054 3091 rata
1071 3041 1116 3107 qui
1134 3056 1211 3095 suam
1229 3050 1332 3110 partem
1351 3043 1481 3111 suscepit,
1506 3057 1539 3097 ne
1556 3042 1689 3096 industria
1705 3057 1730 3109 pc

132 3124 187 3162 non
204 3106 334 3186 congruit.
370 3122 433 3160 nam
446 3107 470 3161 si
484 3106 632 3162 custodiam
647 3105 779 3173 pecuniae
795 3106 943 3174 suscepisti,
994 3106 1112 3160 desidiae
1138 3108 1233 3163 solvat.
1282 3110 1305 3163 si
1332 3110 1401 3164 enim
1434 3115 1461 3164 et
1488 3110 1558 3164 alius
1583 3110 1662 3164 heres
1687 3116 1730 3162 ten

132 3190 213 3245 quam
230 3175 288 3228 aliis
307 3190 323 3226 a
340 3179 367 3226 te
385 3175 475 3227 damin
486 3175 700 3235 instrumentum,
719 3177 791 3240 quo·
808 3172 877 3227 hanc
895 3173 944 3226 tibi
995 3181 1147 3243 opportuna
1170 3178 1390 3244 quemadmodum
1415 3178 1525 3232 coheres
1548 3178 1606 3232 eius
1629 3177 1730 3230 observa

132 3243 208 3297 reddi
226 3242 406 3310 conscriptum
423 3241 566 3309 profiteris,
589 3240 688 3309 arguit,
712 3239 870 3294 solutionem
888 3241 944 3295 eius
994 3248 1022 3295 et
1039 3257 1116 3295 suuni
1134 3248 1248 3313 uterque
1265 3246 1411 3314 recipiebat
1428 3254 1456 3299 et
1469 3246 1640 3314 sequentibus
1654 3244 1730 3298 alteri

134 3314 328 3378 competentem
344 3309 465 3377 improbe
483 3324 609 3386 recusas..
914 3374 920 3388 ι
995 3309 1074 3364 nibus
1091 3310 1197 3366 minime
1215 3313 1291 3367 locus
1309 3314 1517 3382 relinquebatur.
1609 3319 1642 3377 [ιι.
1663 3318 1730 3366 531-

168 3375 186 3436 8
212 3375 287 3431 Iderrr
310 3377 366 3429 AA.
391 3384 417 3430 et
442 3376 489 3430 CC.
514 3376 626 3430 Aurelio
650 3374 819 3429 Alexandro.
861 3374 889 3429 Si
912 3392 944 3438 is,

133 3446 179 3514 qui
197 3443 345 3512 depositam
364 3458 380 3497 a
397 3450 424 3497 te
441 3444 581 3511 pecuniam
602 3442 719 3510 accepit,
742 3457 801 3496 eain
824 3458 873 3497 suo
896 3459 945 3497 no-

132 3513 202 3566 mine
219 3512 260 3565 vel
280 3510 421 3565 cuiuslibet
438 3509 549 3564 alterim
567 3516 660 3563 mirtuo
679 3509 759 3575 dedit,
783 3515 839 3563 tam
858 3510 945 3578 ipsum

133 3580 167 3634 de
192 3579 327 3646 implenda
353 3584 480 3646 suscepta
507 3577 558 3632 fide
585 3593 665 3645 quam
690 3578 747 3630 eius
776 3592 944 3632 successores
1330 3585 1473 3646 XXXV.¹⁵

132 3646 218 3702 teneri
236 3646 285 3700 tibi
303 3645 480 3699 certissimum
499 3648 547 3703 est.
583 3644 708 3698 adversus
722 3659 783 3698 euni
796 3651 885 3699 autem
899 3646 945 3714 qui
1321 3685 1476 3735 MANDATI

132 3714 237 3784 accepit
258 3714 334 3767 nulla
357 3712 429 3767 actio
452 3712 501 3766 tibi
525 3712 663 3792 competit,
693 3712 744 3765 nisi
772 3714 872 3766 nummi
898 3729 944 3767 cx·
1479 3722 1485 3733 ·

132 3789 205 3836 tant:
229 3787 295 3836 tune
313 3781 383 3835 onim
401 3786 496 3835 contra
512 3778 693 3848 possidentem
710 3780 749 3834 uti
767 3780 945 3835 vindicatione
1031 3780 1044 3838 l
1069 3779 1157 3853 Irnpp.
1173 3782 1288 3838 Scaurus
1301 3792 1328 3837 ct
1341 3785 1495 3838 Autorrr‘rrus
1508 3785 1564 3837 AA.
1581 3782 1724 3837 leonidae.

132 3857 218 3921 potes.
254 3849 286 3903 J).
307 3863 361 3902 1111
377 3846 403 3901 lc.
423 3847 506 3901 Mart.
525 3846 610 3901 Sirmi
626 3848 696 3900 ΛΑ.ο
713 3864 800 3901 reuss.
837 3853 871 3912 [u.
885 3852 944 3912 293]
995 3865 1089 3904 versus
1111 3866 1185 3915 earm,
1209 3851 1285 3904 cuius
1309 3851 1415 3911 negotia
1455 3858 1513 3904 esta
1535 3856 1609 3916 sunt,
1635 3851 1668 3905 de
1685 3866 1730 3918 pec

167 3916 186 3976 9
206 3916 281 3971 Idem
299 3918 354 3970 AA.
373 3923 401 3970 et
419 3915 466 3970 CC.
486 3915 599 3992 Aurelio
615 3906 774 3986 Menophilo
797 3922 825 3969 et
840 3915 944 3969 cereres.
997 3933 1076 3984 quain
1099 3917 1132 3971 de
1155 3918 1272 3987 propriis
1296 3920 1391 3987 opibus
1409 3868 1454 3972 vei
1473 3920 1507 3972 ab
1526 3919 1584 3972 aliis
1602 3926 1730 3971 mutuos

133 3985 200 4040 Onm
217 3984 352 4037 hereditas
369 3998 512 4051 personam
531 3981 653 4036 dominae
677 3983 817 4045 sustineat,
840 3983 875 4036 ab
898 3983 945 4036 he·
996 3993 1051 4038 tam
1075 3987 1203 4053 erogasti,
1226 3986 1345 4038 mandati
1368 3987 1474 4040 actione
1495 4002 1546 4054 pro
1569 3994 1641 4040 sorte
1664 3992 1692 4039 et
1718 4002 1730 4038 u

132 4051 258 4106 reditario
276 4067 361 4115 servo,
386 4051 542 4119 priusquam
561 4049 631 4117 patri
647 4056 735 4104 vestro
753 4050 945 4113 successeritis,
996 4061 1073 4120 potes
1090 4053 1217 4120 experiri:
1243 4053 1276 4106 de
1297 4054 1395 4107 salario
1419 4053 1490 4121 quod
1513 4053 1634 4122 promisit
1652 4069 1669 4107 a
1686 4069 1730 4121 pri

132 4136 175 4173 res
203 4119 401 4173 commendatas
428 4118 574 4172 seeundum
600 4117 697 4171 bonam
723 4117 800 4170 fidem
829 4119 864 4172 ab
888 4118 945 4171 eius
996 4121 1149 4189 provinciae
1167 4121 1282 4187 cognitio
1299 4121 1480 4188 praebebitur.

133 4187 179 4256 qni
196 4192 352 4256 susceperat
371 4186 571 4240 suecessoribus
595 4184 667 4253 apud
686 4189 816 4239 rectorem
838 4186 944 4254 provin·
1031 4184 1049 4243 2
1069 4186 1109 4240 Im
1132 4230 1137 4240 .
1157 4188 1312 4241 Antoninus
1327 4192 1357 4241 A.
1378 4189 1468 4242 Statio
1486 4187 1656 4243 Marcellino.
1692 4188 1730 4240 Cu

133 4256 190 4309 aiae
213 4261 305 4323 petere
327 4254 448 4322 potestis.
490 4252 546 4306 PP.
570 4252 668 4306 riiirt.
689 4252 946 4307 nausearent
997 4270 1079 4309 eausa
1116 4254 1274 4309 deiussionis
1292 4256 1432 4323 pecuniam
1450 4262 1554 4324 patrem
1571 4262 1646 4309 tuum
1665 4271 1728 4310 exso

133 4338 220 4376 corus.
832 4326 865 4385 [u.
886 4325 944 4383 293]
997 4338 1141 4391 proponas,
1164 4323 1248 4377 habes
1265 4323 1384 4376 mandati
1401 4324 1545 4386 actionem,
1587 4338 1622 4375 ua
1645 4339 1698 4377 non
1723 4338 1730 4375 i

169 4389 208 4447 10
231 4388 327 4445 ¹⁰Iiterrr
345 4391 401 4443 AA.
426 4395 453 4443 et
476 4386 523 4442 CC.
547 4386 695 4458 Septirm'ee
718 4385 944 4453 Oreedratitlaefl.
968 4432 971 4445 .
1015 4390 1152 4454 eeuniam,
1177 4390 1225 4444 sed
1248 4390 1327 4443 etiam
1351 4391 1464 4459 pignora
1487 4392 1515 4443 in
1538 4340 1727 4457 obligationem

134 4458 185 4526 Qui
194 4460 215 4491 ¹²
233 4457 382 4526 depositum
399 4471 453 4511 nen
471 4455 595 4520 restituit,
614 4471 663 4534 spo
678 4456 784 4510 nemine
799 4459 945 4510 conventus
968 4450 972 4531 ξ
996 4407 1112 4511 Ξθᾱιιεῐιι
1129 4463 1205 4526 potes
1224 4459 1359 4526 consequi.
1396 4457 1452 4511 iu’.
1476 4472 1538 4511 viii.

133 4532 161 4579 et
187 4525 410 4579 condemnatus¹⁸
437 4523 472 4578 ad
498 4522 554 4577 eius
573 4523 768 4577 restitutionem
792 4540 853 4577 cum
875 4522 945 4577 inia-
1031 4523 1049 4582 3
1073 4524 1148 4579 Idem
1172 4527 1203 4579 A.
1230 4524 1372 4579 Gerrrrurre.
1413 4526 1441 4579 Si
1467 4533 1544 4594 peter
1570 4531 1633 4579 tuus
1661 4526 1711 4580 tibi

133 4593 201 4646 miae
219 4592 375 4661 peniculon
408 4595 493 4646 uetur.
530 4590 691 4663 Subsmpta
703 4590 797 4663 pridie
813 4592 876 4646 idas
893 4590 945 4645 De·
996 4591 1062 4646 iuris
1090 4592 1235 4647 constituto
1262 4593 1395 4646 achonem
1427 4592 1554 4647 adversus
1580 4593 1714 4647 debitores

134 4660 250 4714 cerneres
269 4660 380 4714 Nicoma
399 4660 427 4713 iu
446 4658 493 4715 CC.
512 4674 600 4713 conss.
831 4664 866 4724 [a.
885 4662 944 4723 iet]
996 4660 1144 4724 mandavit,
1169 4660 1257 4728 potuit
1279 4660 1336 4728 ipse
1359 4676 1485 4728 praesens
1508 4661 1634 4714 adversus
1657 4676 1730 4714 cosi

168 4725 204 4784 11
226 4725 294 4799 Imp.
316 4726 485 4781 Iustiniauus
507 4727 537 4780 A.
557 4724 731 4780 Demostheni
747 4744 797 4798 pp.
837 4726 945 4795 Siquis
997 4733 1072 4794 tegra
1094 4727 1217 4796 experiri.
1257 4727 1280 4781 si
1302 4727 1365 4795 quid
1387 4729 1475 4795 itaque
1498 4729 1532 4781 ab
1554 4743 1585 4781 eo
1603 4727 1676 4797 apud
1694 4728 1730 4781 iui

134 4796 175 4849 vel
198 4795 325 4865 pecunias
350 4795 391 4848 vel
414 4810 457 4849 res
479 4792 608 4862 quasdam
631 4807 680 4873 per
701 4792 875 4862 depositionis
898 4810 944 4848 ac·
996 4804 1086 4848 ectum
1109 4802 1163 4859 est,
1187 4793 1304 4849 rescindi
1327 4795 1400 4848 nulla
1422 4796 1492 4849 ratio
1510 4797 1618 4863 patitur.
1655 4794 1712 4849 ΡΙ).

82 4916 87 4928 ,
134 4862 206 4931 cepit
226 4862 344 4925 titulum,
367 4877 413 4916 eas
436 4861 535 4915 uolenti
558 4860 584 4915 ei
601 4877 647 4930 qui
664 4859 696 4913 de
716 4861 819 4915 asuerit
835 4861 945 4916 reddere
998 4862 1065 4916 lio-ir.
1084 4861 1186 4915 Selino
1205 4877 1233 4915 η
1249 4871 1276 4916 ct
1293 4863 1421 4916 Aririltiuo
1441 4879 1528 4916 corias.
1694 4868 1729 4928 [a.

132 4930 195 4984 ilico
212 4929 296 4985 modis
314 4930 437 4984 omnibus
455 4928 631 4997 compellatur
648 4944 666 4981 n
707 4944 802 5007 amque
820 4945 944 4998 compen·
1030 4928 1049 4986 4
1069 4928 1137 5010 Imp.
1156 4929 1316 4984 Aleeeruter·
1332 4931 1363 4982 A.
1382 4931 1494 4983 Aru-etio
1512 4930 1668 4984 Vulnerata.
1695 4931 1730 4983 Et

134 4997 264 5052 sadonem
280 4997 321 5050 vel
339 4996 525 5051 deductionem
539 4996 580 5051 vel
596 4995 649 5049 doli
663 5001 847 5066 exceptionem
861 5013 944 5065 oppo-
996 5002 1157 5051 contrariam
1176 4997 1334 5051 sententium
1351 5004 1561 5065 reportaverant,
1580 4999 1667 5065 quite
1682 4998 1718 5051 ad

134 5070 188 5127 nat,
207 5065 284 5134 quasi
301 5071 328 5120 et
344 5065 403 5133 ipse
420 5063 548 5133 quasdam
568 5070 663 5118 eontra
680 5078 741 5117 eum
759 5065 804 5131 qui
822 5064 945 5133 deposuit
996 5065 1095 5119 ceudss
1119 5081 1215 5119 caiisas
1236 5065 1423 5145 appellationis
1445 5071 1643 5132 procuratorem
1661 5081 1728 5119 cons

134 5134 253 5187 actiones
280 5131 434 5202 personales
460 5132 502 5187 vel
527 5131 556 5185 in
587 5146 642 5185 rem
668 5131 709 5185 vel
739 5131 944 5200 hypothecariae
995 5139 1066 5195 runt,
1085 5133 1107 5186 si
1125 5138 1214 5186 minen
1232 5133 1297 5185 nihil
1316 5133 1396 5199 culpa
1413 5139 1462 5186 tua
1478 5133 1578 5186 laetum
1597 5139 1651 5198 est,
1676 5148 1730 5187 sum

134 5199 326 5269 praetendens,
347 5216 408 5255 cum
425 5216 478 5255 non
496 5200 547 5254 sub
564 5199 617 5254 hoe
633 5198 711 5254 modo
730 5198 881 5267 depositum
898 5215 943 5255 ac·
996 5216 1063 5320 quos
1080 5200 1107 5253 in
1124 5200 1172 5253 lite
1186 5201 1318 5268 prolralrili
1334 5202 1436 5253 rationo
1451 5200 1563 5263 ieceras,
1581 5201 1719 5254 conuarm

134 5269 219 5336 cepit,
252 5275 283 5322 ut
309 5283 362 5321 non
387 5283 517 5322 concessa
544 5267 569 5321 ei
594 5266 709 5321 retentio
734 5270 890 5335 generetur,
917 5273 945 5321 et
996 5268 1173 5321 intinctione
1192 5274 1386 5336 peterepotes.
1422 5268 1450 5321 S.
1474 5282 1531 5321 riri
1545 5268 1581 5321 id.
1600 5265 1660 5321 loru

430 5384 467 5391 --
476 5384 543 5391 ...μ-ι.
574 5384 737 5391 ---—-—--
746 5384 755 5389 .
951 5385 981 5390 ..-
996 5384 1055 5391 .....—
1066 5385 1110 5391 --
1120 5385 1195 5391 .—--.
1205 5384 1479 5391 ---—-—.--—.------
1491 5384 1509 5390 --
1519 5384 1571 5391 ..-
1583 5384 1604 5389 .-.
1627 5384 1637 5389 -
1648 5384 1730 5391 ——nn

134 5442 165 5507 (t)
183 5436 522 5500 anianaemerito
563 5440 599 5501 (2]
608 5440 679 5506 inape
688 5440 712 5501 3,
722 5448 780 5501 aab
823 5437 945 5500 (aletiam
996 5437 1063 5501 quod
1085 5438 1175 5490 CRM·
1248 5438 1284 5502 (9)
1301 5452 1339 5489 aa.
1357 5438 1504 5504 Mommsen,
1521 5458 1565 5491 om.
1584 5439 1654 5491 Iidsr':
1677 5441 1730 5506 esu

134 5526 178 5559 om.
196 5508 340 5570 Blimm.)
405 5507 438 5569 (a)
459 5522 501 5572 pp.
519 5522 537 5555 v
554 5506 587 5556 id.
607 5509 632 5569 3,
651 5516 718 5569 aaa
780 5506 814 5569 (a)
831 5510 946 5571 expertus
995 5508 1042 5569 tte)
1055 5530 1090 5550 =
1106 5506 1210 5589 Collatie
1223 5510 1283 5571 1⁰,t
1326 5508 1369 5587 (lt)
1385 5506 1552 5570 quadratillsa
1563 5508 1677 5567 Collatia,
1694 5526 1730 5559 mr

135 5592 217 5695 icit
234 5574 947 5707 ”iiiiiiiilrssfiiiillimis·‘iiiii
995 5575 1041 5705 lii
1055 5571 1730 5709 litbbtbitlttntllletitiae,

135 5712 360 5779 scriptiaqunmP
373 5710 771 5771 e.trubi'iiri.rr't,c.⁸restituteest
804 5703 944 5774 (melem.
999 5708 1037 5774 θλ
1047 5708 1108 5776 Dip.
1121 5710 1321 5773 intimatio
1355 5711 1730 5778 (reinmarum-Dialia!
