3832 6126
205 266 259 333 11
1016 260 1053 332 111

204 444 339 515 ἀληθινὴν
361 448 498 519 σόρκωσιν
519 451 568 503 τοῦ
590 450 659 503 θεοῦ
682 448 760 521 λόγου
782 445 943 532 ἠρνήσαντο,
967 447 1012 502 διὰ

204 518 284 571 τοῦτο
306 522 447 589 γραφικαῑς
468 524 626 591 μαρτυρίαις
647 518 679 569 τὸ
703 512 768 569 αύτὸ
790 537 867 588 apion
894 516 1011 585 μάθημα

205 584 232 637 σι’
239 584 370 656 εἰρημένοι
381 582 425 655 ρκ’
436 578 506 655 ἅγιοι
516 591 627 657 πατέρες
638 591 834 655 σαφηνίσαντεςΙ
846 584 1011 655 έτριίνωσαν.

208 658 237 705 12
276 653 358 704 Τοῦτο
380 656 424 703 καὶ
448 651 478 703 αι’
499 650 590 706 λοιπαί
611 646 686 724 δγιαι
702 650 819 714 σύνοδοι,
836 658 976 706 τουτέστιν
996 647 1013 716 ἡ

205 724 235 771 ἐν
254 714 358 789 Ἐφέσῳ
385 722 502 787 προτέρα
529 725 573 771 καί
599 714 616 786 ἦ
641 723 672 772 ἐν
693 717 859 787 Χαλκηδόνι,
884 721 918 791 τῇ
945 714 1012 791 αὐτῇ

205 792 295 842 πίστει
325 782 543 851 ἀκολουθήσασαι
575 786 701 848 ἐδέξαντο
733 793 778 839 καί
805 785 941 858 ἐφύλαξαν
967 792 1013 838 καὶ

203 853 255 921 τὴν
283 848 364 925 όγίαν
390 851 500 914 ἔνδοξον
531 850 714 907 όειπόοθενον
741 860 853 925 Μαρίαν
881 853 1013 907 θεοτόκον

205 918 335 993 έκηρυξαν
357 925 403 973 καὶ
425 921 485 975 τούς
507 920 543 1001 μὶγ
564 917 614 989 όμο
646 923 758 993 γοῦντας
779 916 863 986 αὐτὴν
882 919 1013 973 θεοτόκον

208 994 237 1042 13
272 984 482 1056 ἀνεθεμάτισαν,
535 994 640 1055 Ομοίως
670 986 700 1041 δί
730 984 933 1056 όνεδεμιίτισαν
968 994 1014 1040 καί

204 1055 265 1110 τοῦς
282 1059 374 1127 ἕτερον
391 1054 526 1123 σύμβολον
543 1054 559 1122 ἢ
576 1053 654 1128 ι’ἱγιον
670 1054 788 1124 μάθημα
813 1054 1014 1127 παραδιδόντας

205 1122 280 1196 παρὰ
301 1122 333 1177 τὸ
355 1119 409 1176 ὑπὸ
430 1126 483 1189 μὲν
499 1126 558 1177 τῶν
573 1122 625 1189 τιη’
644 1118 730 1195 ἁγίων
748 1129 875 1192 πατέρων
893 1124 1013 1187 ἰκτεδέν,

205 1192 378 1261 σαφηνισδέν
401 1187 431 1242 δὲ
451 1196 497 1242 καί
518 1192 666 1262 τρανωδιέν
689 1190 764 1262 παρὰ
788 1194 846 1244 τῶν
869 1194 899 1244 ἐν
926 1191 1013 1262 ταύτῃ

207 1264 238 1312 ll
272 1260 307 1332 τῇ
329 1256 507 1331 βασιλευούσῃ
530 1257 606 1313 πόλει
624 1257 663 1331 ρν’
682 1254 768 1329 ιὶγίων
789 1264 924 1330 πατέρων.
959 1264 1015 1310 Καὶ

205 1322 223 1393 ἡ
243 1328 293 1394 μὲν
317 1328 348 1377 ἰν
366 1320 470 1396 Ἐφέσῳ
492 1331 610 1397 προτέρα
633 1325 683 1379 τόν
704 1346 734 1378 τε
757 1320 840 1394 daed*
863 1325 1015 1397 Νεστόριον

205 1400 251 1446 καί
264 1392 300 1447 τὰ
314 1387 397 1445 αύτοῦ
412 1389 535 1465 δόγματα
549 1392 662 1446 erariis
674 1398 758 1446 τεκαὶ
772 1348 952 1462 tradendara
969 1398 1015 1445 καί

205 1460 266 1515 τούς
273 1460 308 1514 τὰ
317 1456 400 1514 αύτοῦ
409 1460 595 1531 φρονήσαντας
605 1458 796 1542 ἣφρονοῦντας
804 1460 916 1514 καὶτοὺς
924 1479 1014 1513 συναι-

208 1534 237 1582 15
264 1532 396 1582 νέσαντας
405 1526 480 1595 αύτῷ
492 1526 507 1593 ἢ
517 1545 707 1582 σιινιιινουντας
716 1524 919 1596 όνεδεμίιτισεν.
946 1524 1016 1581 Ἡδὲ

205 1601 236 1649 ἰν
245 1588 401 1661 Χαλκηδόνι
416 1590 479 1667 ἁγία
492 1594 602 1648 σύνοδος
617 1594 730 1649 audrild
740 1616 770 1648 τε
783 1602 829 1647 καὶ
839 1594 947 1663 ἐξέβαλε
956 1599 1015 1649 τῶν

205 1659 292 1736 ἁγίων
313 1666 362 1733 τοῦ
384 1665 453 1716 θεοῦ
471 1661 619 1728 ἐκκλησιῶν
645 1668 689 1715 καὶ
706 1660 887 1731 (laedendum
904 1669 949 1716 rial
966 1664 1015 1716 τὸν

205 1730 290 1798 ἀσεβῆ
309 1733 431 1795 Ευτνχεά
453 1735 497 1782 καὶ
525 1730 557 1783 τὰ
582 1728 664 1783 αὐτοῦ
686 1727 808 1801 δόγματα
831 1736 877 1782 καί
900 1731 960 1784 τούς
981 1730 1016 1783 τὰ

206 1795 289 1851 adnot}
306 1798 492 1869 φρονῆσαι-τας
516 1794 714 1867 ἢφρονοῦντας
740 1803 785 1849 καί
808 1796 869 1851 τούς
895 1803 1014 1851 συναινέ-

206 1884 306 1918 σαντας
328 1860 403 1933 αύτῷ
422 1864 436 1931 ἢ·
454 1868 657 1918 συναινοῦντας·
681 1870 726 1916 καὶ
748 1864 851 1919 πάντας
868 1866 929 1919 τούς
946 1865 1014 1935 αἰρε-

205 1932 294 1985 τικούς
319 1938 364 1984 καὶ
389 1932 423 1984 τὰ
447 1934 539 1984 αύτιῦν
565 1930 686 2003 δόγματα
712 1938 757 1984 καί
783 1932 844 1985 τούς
865 1933 899 1985 iii
923 1928 1016 1985 αύτιῦν

208 2007 239 2053 iti
274 1997 661 2070 φρονησανταςῆφρονοῦντας
675 1998 880 2067 όνεθεμάτισεν.
906 1995 1016 2068 Ὁμοίως

207 2066 237 2119 δὲ
253 2065 434 2134 ἀνεδεμότισε
451 2073 495 2118 καὶ
513 2067 662 2151 Νεστόριον
680 2066 777 2120 καὶτὰ
794 2062 876 2120 αἰετοῦ
893 2065 1015 2139 δόγματα

206 2141 252 2187 καί
277 2134 337 2189 τούς
361 2135 395 2187 τὰ
422 2132 504 2187 αὐτοῦ
530 2151 716 2206 φρονησαντας
743 2131 759 2201 'l
782 2138 946 2205 φρονοῦντας
970 2140 1016 2188 καί

208 2208 238 2256 l'l
272 2201 334 2255 τοὺς
359 2206 569 2254 συναινέσαντος
595 2197 670 2269 αύτῷ
701 2198 718 2268 ἢ
743 2205 942 2255 σνναινοῦντας.
986 2198 1018 2254 ‘11

206 2266 275 2336 αύτὴ
297 2267 327 2322 δὲ
343 2272 374 2321 ἰν
392 2267 546 2334 Χαλκηδόνι
563 2264 627 2340 ἁγία
643 2266 754 2322 σύνοδος
777 2268 889 2335 κοίτην
906 2272 955 2322 τοῦ
981 2290 1015 2320 ιε-

205 2336 288 2408 γιίλαν
303 2334 425 2418 Πρόκλου
448 2336 514 2407 πρὸς
528 2334 678 2407 Ἀρμενίους
700 2341 850 2407 γραφεῖσαν
871 2292 1016 2402 ἐπιστολὴν

207 2409 269 2475 περὶ
292 2423 339 2456 του
362 2405 457 2477 χρῆναι
481 2402 568 2474 λέγειν
592 2402 641 2456 τὸν
663 2401 799 2469 δεσπότην
822 2398 898 2470 ἡμῶν
914 2401 1017 2470 Ἰησοῦν

207 2470 328 2543 Χριστόν
350 2470 400 2523 τὸν
422 2470 480 2523 eide
503 2474 551 2523 τοῦ
568 2472 637 2523 θεοῦ
659 2476 704 2523 καί
721 2470 791 2524 θεὸν
808 2466 885 2539 ἡμῶν
906 2475 954 2523 έυα
971 2473 1017 2539 τῆς

205 2534 282 2611 ἁγίας
302 2536 410 2609 τριάδος
433 2536 479 2591 διὰ
500 2541 546 2605 τῆς
568 2540 665 2591 οἰκείας
686 2533 823 2624 ἀναφορᾶς
850 2537 958 2601 έδέξατό
985 2559 1016 2592 τε

209 2610 239 2660 18
274 2611 319 2658 καὶ
336 2610 510 2672 ἐβεβαίωσεν.
544 2608 580 2657 Εἰ
595 2604 645 2677 γὰρ
662 2605 709 2658 τὰς
726 2611 864 2678 ειρημένας
886 2611 1017 2677 τέσσαρας

206 2670 282 2745 ἁγίας
299 2670 426 2725 συνόδους
441 2672 653 2744 παρεξέλθωμεν
671 2670 688 2739 ἢ
703 2672 738 2725 τό
761 2670 828 2746 παρ’
849 2669 941 2727 αύτοῦν
960 2673 1016 2728 δια·

205 2741 385 2804 τυπωδέντα,
409 2738 518 2809 δίδομεν
540 2738 635 2793 ιἰδειαν
656 2746 712 2793 τοῖς
733 2742 945 2813 καθαιρεθεῖσιν
964 2736 1014 2795 ὑπ’

207 2806 301 2861 alerio
317 2807 457 2889 αἱρετικοῖς
473 2813 518 2859 rial
535 2812 590 2861 τοῖς
608 2802 700 2861 αύτοῦν
711 2805 743 2860 δό
760 2827 827 2875 μασι
843 2808 894 2860 τόν
911 2809 1017 2862 ἑαυτῶν

207 2875 293 2943 λύμην
318 2874 400 2928 πολιν
426 2876 462 2927 εἰς
487 2874 533 2927 τὰς
558 2868 634 2945 ἁγίας
655 2878 704 2928 τοῦ
751 2877 797 2928 eod
814 2848 952 2943 ἐκκλησίας
975 2880 1016 2928 ἐν·

209 2948 239 2996 19
279 2941 446 2996 δείκνυσθαι.
496 2937 579 3023 Ὅπερ
611 2938 659 2995 ούκ
691 2939 828 3007 tetigerat
858 2946 1019 3015 πραχθῆναί

206 3009 335 3078 martiar}
368 3014 472 3075 ε’νοιτο),
490 3008 584 3075 ἐπειδη
600 3010 630 3062 αί
645 3010 783 3091 εἰρημέναι
799 3014 925 3081 τέσσαρες
941 3008 1017 3083 ἅγιαι

206 3075 316 3131 σύνοδοι
356 3075 384 3129 ιὰ
405 3079 464 3129 τῶν
485 3080 593 3129 οἰκείων
615 3074 760 3147 δογματων
786 3076 848 3130 τούς
871 3077 1017 3149 αἱρετικούς

207 3150 239 3198 io
273 3150 319 3197 rial
340 3144 376 3199 τὰ
396 3144 521 3197 τούτωνι
545 3143 667 3215 δόγματα
689 3143 825 3210 ἐξέβαλον.
865 3150 920 3197 Kal
937 3146 965 3197 e'i'
976 3164 1017 3198 τις

207 3211 273 3285 πρὸς
288 3218 356 3281 μίαν
371 3211 430 3265 τιῦν
445 3213 593 3283 εἰρημένων
607 3208 693 3282 ἁγίων
707 3209 832 3264 συνόδων
845 3208 1016 3293 ἀμφιβάλλει,

206 3276 340 3353 πρόδηλός
362 3282 437 3331 ἐστιν
460 3282 548 3331 ἐκεῖνα
571 3280 681 3349 φρονῶν
703 3277 739 3332 τὰ
754 3277 877 3350 δόγματα
893 3300 928 3334 τα
945 3279 1014 3352 παρ’

207 3352 236 3402 21
273 3344 353 3413 αύτῆς
370 3344 539 3417 ἐκβληθέντα
559 3368 586 3398 τε
603 3352 648 3398 καὶ
665 3344 936 3414 όναθεματισδεντα.
958 3355 1016 3413 Μη-

207 3413 260 3469 δεὶς
285 3420 378 3468 τοίνυν
401 3412 509 3491 pedire}
535 3408 600 3482 ἡμᾶς
624 3411 768 3486 ταραξότω
799 3412 889 3467 ἐλπίδι
913 3421 1017 3482 ματαία

206 3480 397 3551 κρατούμενος,
423 3476 467 3534 ότι
490 3487 561 3547 queis
583 3485 709 3535 ἐναντίον
731 3499 760 3533 τι
781 3482 840 3533 τῶν
868 3482 1016 3553 εἰρημένων

205 3548 291 3623 ιἰγίιον
308 3546 335 3601 δ’
354 3546 478 3602 συνόδων
495 3547 649 3620 ἐπράξαμεν
666 3544 683 3615 ἢ
700 3545 837 3621 πράξομεν
859 3542 1015 3619 ἢπραχθῖγ

207 3714 369 3781 111αύςῶνΒ
400 3714 675 3783 (ε)μὰτηνΝοαιοε.1,1
686 3718 774 3779 Const,
782 3718 931 3771 ormNomoc.
941 3719 1015 3779 1,sB

206 3789 239 3851 (3)
258 3798 306 3839 at
323 3798 389 3837 extat
408 3788 479 3837 etiam
502 3788 527 3837 in
545 3787 681 3837 collectione
701 3805 818 3837 canonum
830 3787 961 3849 avellana,
982 3790 1014 3853 cſs

212 3910 232 3917 ..
247 3908 336 3916 ——.
363 3906 392 3914 ---
406 3909 410 3913 -
446 3909 453 3915 .
466 3908 582 3916 μή.
595 3909 639 3915 ..ι--

212 3922 338 3931 -ι--ι-
381 3923 494 3929 -----

206 4002 312 4057 semper
328 3985 432 4055 oirqine
454 3985 498 4040 διό
514 3986 650 4057 genetrice
666 3984 759 4041 Maria
773 3987 880 4057 saetam
903 4002 1017 4057 nequee-

206 4059 286 4118 runt,
304 4060 457 4131 propterea
480 4054 590 4123 seriptis
613 4055 772 4109 testimoniis
788 4062 911 4109 sanetum
934 4054 1016 4108 ‹loeu-

206 4128 323 4175 mentum
339 4120 406 4175 dieti
416 4120 459 4174 CL
463 4128 561 4191 patres
569 4121 775 4192 interpretando
789 4123 1014 4193 explanaverunt.

209 4192 239 4241 ii
274 4186 336 4243 Hoe
357 4192 386 4242 et
406 4187 527 4307 retipuae
548 4196 661 4243 sanetae
675 4188 784 4259 synodi,
806 4190 909 4245 seilicet
927 4188 1016 4260 Eplrc·

205 4256 268 4311 sina
284 4254 370 4327 prior
386 4260 415 4309 et
432 4253 454 4308 C
461 4254 665 4321 ialcedonensis,
682 4256 793 4311 eandem
810 4256 892 4325 fidam
908 4265 1016 4311 secutae

206 4328 368 4395 receperant
397 4328 423 4376 et
452 4322 630 4377 observarunt
657 4332 685 4377 et
712 4330 837 4378 sanctam
865 4324 1016 4394 gloriosam

205 4407 311 4463 semper
333 4390 463 4459 virqiriem
486 4388 605 4443 Mariam
626 4390 670 4445 dei
690 4392 853 4469 penetrr'eern
873 4391 1016 4463 praedira-

206 4465 279 4521 rnnt,
302 4457 437 4511 damnatis
459 4457 494 4509 iis
515 4458 563 4526 qui
582 4474 641 4513 cani
658 4458 700 4513 der
717 4460 880 4529 gerietriecm
896 4475 954 4514 esse
971 4476 1016 4513 rie·

1684 282 1729 329 trit
1751 281 1867 329 SUffllA

1060 470 1106 503 ναι
1129 447 1203 504 maed
1224 467 1297 504 τινος
1317 468 1366 522 συγ
1375 450 1521 516 1ωαηοοιιεν
1548 442 1564 515 ἢ·
1587 447 1793 519 περιαιρεδῖμαι
1821 442 1876 509 τὴν

1060 519 1119 570 τῶν
1142 502 1233 570 adraim
1251 512 1337 589 dyisur
1361 473 1388 570 δ’
1408 502 1532 569 ire-rellan
1548 520 1627 568 ὁσίαν
1642 516 1748 581 μνήμην
1766 516 1796 565 ἐκ
1813 514 1876 565 τῶν

1062 589 1093 638 ni
1129 584 1210 656 ἱεροῦν
1232 588 1278 651 τῆς
1295 584 1433 651 ἐκκλησίας
1450 583 1589 649 διπτύχων
1610 580 1773 651 ἀνεξόμεθα.
1799 577 1877 632 Πάν-

1061 670 1109 705 τας
1125 651 1175 723 γὰρ
1192 650 1253 705 τοῦς
1270 650 1337 725 παρ’
1358 652 1450 706 atras
1466 652 1686 723 καθαιρεθέντας
1707 654 1753 701 καὶ
1769 648 1877 700 ἀναθε-

1061 720 1249 787 ματισδέντας
1264 726 1310 773 καί
1326 720 1360 773 rii
1376 724 1435 773 τιῦν
1449 720 1679 789 καθαιρεθέντων
1688 714 1813 787 δόγματα
1827 718 1879 767 καὶ

1062 786 1123 839 τοὺς
1150 786 1185 839 τὰ
1212 783 1304 840 αὐτῶν
1333 788 1519 859 φρονήσαντας
1547 808 1563 852 η
1584 788 1748 856 φρονοῦντας
1770 777 1879 835 deado·

1063 860 1094 909 23
1128 858 1284 923 ματίζομεν.
1314 840 1400 908 ‘'Odeu
1423 850 1544 920 εύχέσδω
1570 860 1632 920 ημῖν
1650 873 1680 904 τε
1697 856 1742 903 καί
1758 852 1794 922 τῇ
1813 847 1878 929 ipis:

1063 926 1128 992 τέρα
1151 921 1272 989 πολιτειίγ
1297 920 1313 987 ἡ
1334 921 1498 993 μακαριότης
1521 940 1582 984 σου,
1605 919 1709 975 πάντας
1733 923 1796 989 περὶ
1824 936 1879 969 του

1063 983 1189 1057 ἡμετέρου
1211 992 1313 1042 σκοποῦ
1335 996 1380 1042 καὶ
1402 992 1448 1056 τῆς
1467 996 1528 1059 περὶ
1545 988 1595 1055 την
1612 984 1759 1056 ἀμώμητον
1776 990 1880 1038 πίστιν

1063 1054 1180 1122 σπουδῆς
1202 1054 1364 1110 διδόσκουσό
1387 1079 1418 1110 τε
1444 1063 1490 1109 καὶ
1513 1055 1726 1134 πληροφοροῦσα.
1766 1052 1801 1106 Il.
1832 1065 1882 1105 r11

1063 1123 1089 1177 tr.
1113 1126 1182 1196 ripr.
1208 1122 1442 1197 Constantinopoli
1468 1124 1511 1178 dn.
1533 1123 1686 1178 Iustmiano
1705 1139 1764 1257 pp.[
1779 1120 1825 1239 A.5
1827 1129 1885 1255 313111

1064 1208 1136 1245 eoris.
1765 1205 1791 1241 a.

1098 1254 1116 1315 8
1136 1256 1355 1313 ³Gloriosissinio
1373 1266 1400 1315 et
1420 1259 1623 1313 elementissimo
1641 1257 1701 1326 filio
1717 1254 1880 1309 Iustiniana

1064 1328 1188 1397 Anqusto
1215 1324 1353 1381 loliannes
1379 1329 1469 1399 episto
1492 1344 1523 1381 ns
1556 1326 1629 1380 urbis
1646 1324 1755 1377 liertiae.
1799 1322 1882 1400 luter

1065 1394 1151 1447 eloris
1161 1393 1307 1461 sapientire
1315 1400 1456 1450 mansuetu
1476 1394 1633 1447 inisvestrue
1642 1392 1741 1455 laudes,
1752 1390 1881 1444 christia-

1064 1462 1171 1515 nissime
1196 1462 1359 1529 principum.
1387 1463 1494 1531 puriore
1519 1462 1580 1515 luco
1604 1465 1739 1527 tamquam
1763 1456 1881 1527 aliquod

1065 1529 1138 1583 sidus
1155 1528 1273 1593 mediat,
1292 1529 1362 1597 quod
1379 1545 1468 1583 umore
1478 1530 1546 1589 fidei,
1565 1528 1636 1597 quod
1649 1526 1765 1581 caritatis
1776 1524 1881 1589 studio,

1065 1595 1153 1650 edocti
1171 1596 1357 1651 ecclesiasticis
1375 1597 1529 1676 disciplinis,
1553 1596 1689 1650 Romanae
1706 1594 1777 1649 sedis
1800 1608 1880 1671 rese-

1064 1664 1178 1719 rentism
1201 1666 1364 1719 conservatis
1382 1670 1410 1719 et
1426 1681 1451 1718 ei
1469 1672 1566 1718 cuncte
1584 1661 1704 1717 subicitis
1722 1666 1750 1715 et
1764 1660 1801 1714 eil
1817 1674 1882 1714 eius

1065 1731 1195 1785 deducitis
1204 1732 1342 1795 unitam,
1359 1733 1393 1787 ad
1403 1734 1632 1794 euinsnuotorem‚
1650 1730 1701 1783 hoc
1716 1731 1881 1796 estnposto·

1064 1800 1150 1853 lorum
1174 1798 1301 1866 primum,
1332 1800 1439 1854 donnno
1472 1800 1597 1867 loquente
1621 1803 1796 1865 praeceptum
1820 1801 1880 1849 est:

1068 1872 1078 1919 1
1116 1872 1206 1944 ‘pasce
1224 1882 1285 1919 oves
1303 1870 1391 1923 niens’.
1426 1868 1512 1934 Quum
1534 1881 1593 1920 esse
1614 1865 1730 1919 omnium
1746 1878 1809 1917 vere
1832 1878 1881 1915 ec-

1066 1933 1206 1987 clesiarum
1238 1940 1320 2001 caput
1350 1942 1378 1989 et
1408 1946 1513 2002 patrum
1539 1932 1646 2001 regulae
1672 1940 1699 1985 et
1724 1931 1881 2007 principum

1066 2004 1168 2055 statuto
1194 2001 1331 2055 declarant
1359 2008 1386 2056 et
1409 2003 1516 2071 pietatis
1542 2006 1646 2055 vesane
1672 1998 1881 2052 reverentissimi

1065 2074 1198 2121 testentur
1223 2068 1328 2123 otiatus.
1373 2076 1448 2137 patet
1479 2070 1559 2136 igitur
1584 2069 1612 2121 in
1637 2067 1712 2121 vobis
1737 2065 1879 2135 impletum

1065 2136 1135 2199 iore,
1160 2135 1231 2203 quod
1249 2137 1397 2204 scripturae
1414 2138 1571 2204 loquuntur:
1590 2144 1646 2214 ‘per
1662 2150 1704 2188 me
1721 2149 1750 2187 re
1768 2150 1797 2187 es
1815 2148 1877 2199 reg·

1066 2208 1081 2257 2
1116 2208 1192 2256 ‘nent
1214 2208 1241 2257 ct
1277 2212 1380 2258 etentes
1398 2205 1520 2258 scribunt
1541 2203 1702 2257 iustitium-⁶.
1762 2201 1810 2253 ihil
1836 2207 1880 2253 ost

1065 2269 1148 2334 enim,
1171 2270 1243 2337 quod
1257 2222 1363 2325 Ilumine
1386 2273 1498 2326 clariore
1514 2272 1687 2340 praefulgeat,
1706 2284 1787 2338 quein
1803 2274 1880 2321 recte

1065 2337 1132 2391 fides
1148 2338 1319 2408 inprincipe:
1338 2340 1405 2393 nihil
1423 2347 1471 2401 est,
1491 2339 1561 2407 quud
1578 2338 1617 2391 ita
1634 2342 1749 2403 nequent
1766 2334 1879 2390 occinui

1065 2404 1218 2471 subiacere,
1240 2422 1320 2473 quam
1341 2422 1404 2459 vers
1425 2407 1524 2475 religio.
1565 2420 1627 2459 num
1654 2421 1713 2459 euin
1738 2411 1879 2457 auctorem

1066 2474 1135 2527 vitae
1158 2472 1200 2526 sel
1222 2472 1328 2528 luminis
1350 2480 1463 2541 utraque
1486 2473 1644 2594 respiciant,
1668 2478 1741 2525 recte
1757 2478 1786 2524 et
1802 2478 1877 2524 tene-

1067 2545 1082 2593 ³
1117 2539 1179 2593 bras
1188 2548 1319 2609 respuunt
1328 2549 1355 2594 et
1363 2542 1486 2596 nesciunt
1495 2558 1526 2595 sn
1545 2540 1632 2594 iecere
1642 2539 1767 2594 defectui.
1791 2538 1878 2607 Quem

1066 2609 1100 2664 ob
1118 2624 1182 2672 rem,
1199 2608 1386 2675 gloriosissime
1403 2610 1566 2678 principum,
1588 2608 1655 2661 rotis
1673 2606 1797 2661 omnibus
1815 2622 1877 2659 exo-

1065 2676 1169 2729 rabitur
1191 2675 1279 2729 divino
1301 2677 1434 2744 potentin,
1457 2683 1488 2731 ut
1505 2676 1630 2744 pietatem
1648 2680 1762 2729 vestrum
1779 2673 1808 2727 in
1824 2674 1876 2727 hoe

1066 2742 1161 2796 ardore
1185 2742 1256 2808 fidei,
1283 2742 1310 2797 in
1336 2744 1387 2797 huc
1411 2744 1550 2798 devotione
1566 2743 1669 2805 mentis
1693 2741 1722 2794 in
1739 2741 1791 2794 hoe
1808 2740 1877 2794 inte·

1065 2826 1130 2878 grae
1157 2810 1291 2877 religionis
1316 2812 1405 2865 studio
1431 2812 1487 2866 sine
1514 2810 1621 2864 deiectu
1643 2811 1685 2863 sni
1706 2809 1735 2862 in
1755 2814 1877 2885 tempora

1066 2877 1188 2943 longiore
1213 2886 1363 2932 conservet:
1391 2878 1442 2932 hoc
1469 2878 1538 2931 enim
1564 2883 1592 2931 et
1616 2877 1717 2931 sanctis
1744 2874 1877 2929 aodimus

1067 2944 1186 2999 ecclesiis
1210 2944 1343 3012 expedire.
1383 2947 1513 3013 scriptum
1535 2953 1576 2999 est
1593 2946 1676 2998 enim:
1700 2943 1791 2998 ‘labiis
1809 2942 1878 3010 regit

1067 3012 1157 3077 ‘rex'⁶,
1176 3016 1203 3064 et
1220 3013 1327 3066 iteruin:
1352 3016 1408 3068 ‘cor
1424 3029 1453 3065 re
1472 3014 1494 3066 is
1511 3014 1538 3066 in
1555 3029 1636 3066 mann
1655 3012 1704 3077 dei,
1722 3016 1751 3064 et
1766 3010 1814 3065 nbi
1831 3026 1877 3063 vo·

1066 3085 1083 3133 4
1117 3079 1219 3142 ‘luerit,
1245 3079 1384 3134 inclinabit
1400 3030 1500 3134 illidi
1543 3080 1602 3134 Hoc
1629 3085 1671 3134 ost
1695 3079 1779 3145 enim,
1805 3076 1878 3147 quod

1066 3150 1184 3200 vestrum
1207 3146 1297 3200 firmat
1320 3149 1467 3216 imperium,
1493 3149 1554 3209 hoe,
1581 3147 1651 3216 qnod
1678 3152 1769 3200 vestre
1795 3160 1878 3211 regns

1067 3221 1214 3268 conservat.
1264 3214 1334 3268 Nam
1366 3232 1419 3283 pan
1450 3216 1592 3277 ecclesiae,
1618 3214 1752 3281 religionis
1778 3212 1877 3277 unius,

1066 3286 1202 3335 suetorum
1219 3282 1285 3336 lacti
1301 3283 1329 3336 iu
1347 3284 1459 3337 sublime
1472 3289 1626 3351 proveetum
1644 3288 1719 3349 grets
1736 3280 1788 3334 sibi
1801 3284 1877 3333 tren·

1067 3355 1082 3403 5
1117 3349 1247 3416 quillitsto
1265 3350 1389 3404 custodit.
1423 3349 1517 3417 Neque
1535 3349 1605 3404 enim
1625 3363 1708 3418 parra
1731 3348 1756 3401 si
1773 3346 1876 3401 11ἱοίοεὶ-

1066 3416 1131 3469 tudo
1159 3430 1176 3468 e
1221 3417 1321 3470 atentia
1346 3417 1434 3471 divine
1459 3416 1599 3480 tribuitur,
1626 3432 1674 3484 per
1696 3430 1775 3483 quem
1795 3414 1877 3468 nullis

1065 3483 1139 3550 rugis
1157 3432 1270 3537 eeclesia
1287 3484 1371 3538 dinsa
1388 3486 1542 3549 secernitur,
1560 3485 1640 3538 nullis
1657 3482 1763 3537 insertis
1782 3496 1877 3535 macn-

1065 3549 1099 3604 lis
1125 3551 1252 3605 variatur.
1295 3552 1423 3621 scriptum
1448 3559 1490 3605 est
1521 3552 1602 3605 onim:
1636 3551 1712 3621 ‘quis
1737 3565 1800 3603 eum
1827 3564 1878 3603 rex

1066 3720 1185 3773 Monesen
1211 3721 1311 3780 Qaellen
1332 3742 1356 3773 u.
1374 3722 1462 3773 Litter.
1487 3723 1529 3773 ιίεε
1552 3740 1637 3773 canon.
1655 3721 1777 3773 Recital
1792 3739 1818 3786 p.
1834 3730 1876 3772 ³³¹1

1065 3788 1098 3852 (i)
1109 3788 1224 3865 Probat
1233 3790 1257 3853 8,
1267 3800 1291 3841 is
1340 3796 1372 3851 (ει
1384 3789 1497 3841 Ριουινο.
1510 3792 1548 3851 16,
1559 3787 1602 3841 iot
1646 3789 1876 3851 (sisterentur

956 3923 1164 3932 ——-—.——-—-·-
1179 3924 1309 3933 ...-

1068 3993 1097 4041 11
1134 3988 1176 4044 vel
1196 3989 1381 4061 comprobant.
1417 3987 1521 4045 liudem
1543 3996 1632 4043 mitem
1650 3994 1746 4043 sancta
1765 3986 1878 4043 Clralee·

1066 4055 1193 4110 dornrisis
1208 4056 1332 4128 synodus
1348 4064 1376 4111 et
1391 4057 1485 4127 maqni
1501 4054 1596 4111 Procli
1612 4056 1718 4111 litteras
1734 4054 1772 4109 ad
1781 4056 1878 4111 Arme-

1066 4123 1128 4193 nias
1149 4124 1268 4195 scriptas
1290 4124 1324 4178 de
1340 4142 1381 4190 eo,
1398 4124 1474 4195 quod
1489 4123 1626 4178 tonitrium
1642 4130 1766 4178 nostrum
1782 4118 1878 4177 Iesum

1067 4190 1201 4245 iliristnm
1212 4192 1354 4312 pliniidei
1371 4202 1397 4247 et
1409 4192 1486 4246 deum
1503 4198 1626 4245 nostrum
1642 4207 1724 4245 unum
1732 4196 1879 4245 exsatiata

1067 4258 1188 4313 trinitate
1204 4260 1259 4312 rici
1276 4278 1293 4314 ο
1314 4266 1409 4323 orteat,
1426 4258 1559 4314 relatione
1575 4274 1627 4312 sua
1642 4258 1744 4329 recepit
1766 4268 1794 4312 et
1809 4274 1877 4312 eorr-

1069 4330 1097 4379 18
1130 4326 1257 4395 firmavit.
1313 4327 1363 4382 'ota
1377 4325 1636 4397 quattuoreoneilia
1649 4326 1691 4380 orl
1702 4342 1773 4395 quae
1787 4324 1821 4379 alr
1840 4326 1878 4380 iis

1064 4400 1169 4448 statuta
1190 4401 1255 4448 sunt
1279 4395 1304 4447 si
1327 4393 1583 4465 praetermittimus,
1615 4393 1749 4447 licinitr'am
1777 4391 1878 4447 damus

1064 4459 1208 4515 haereticis
1231 4478 1379 4539 eorrimqae
1406 4460 1537 4515 doctrinis
1563 4460 1597 4514 alr
1622 4460 1705 4515 isdem
1734 4462 1878 4538 oppressis

209 4530 239 4577 13
292 4530 378 4579 arisit.
419 4522 549 4578 Similiter
569 4523 766 4581 dominaberunt
787 4543 848 4591 eos,
871 4526 919 4597 qui
940 4526 1016 4579 aliud
1059 4538 1166 4600 pestem
1184 4546 1261 4583 suam
1281 4544 1311 4582 tn
1330 4536 1440 4583 sanetas
1462 4528 1506 4582 dei
1526 4528 1653 4582 eeclesias
1672 4544 1769 4581 rarsris
1794 4526 1877 4582 indu·

205 4610 256 4661 sqn
283 4592 355 4646 olum
372 4590 414 4646 vel
428 4598 553 4645 sanctum
569 4591 756 4647 decurrentem
774 4593 887 4649 tradunt
901 4602 1016 4665 praeter·
1068 4600 1097 4649 19
1132 4596 1216 4651 cendi.
1240 4594 1764 4673 (tuadfierinurnqriarnpoterit(qaod
1776 4594 1875 4663 absit),

206 4658 249 4721 id,
271 4658 347 4729 qnod
367 4676 385 4711 a
404 4654 578 4714 CCCXVIII
592 4660 696 4714 sanetis
713 4660 844 4732 patribus
860 4662 1015 4733 expositum

206 4733 259 4791 cst,
283 4725 450 4797 explicatum
472 4742 535 4781 uero
558 4726 791 4799 caplarmtnmquc
811 4746 830 4783 a
849 4726 892 4783 CL
914 4729 1015 4782 sanctis

210 4798 237 4846 11
269 4792 398 4863 patribus
422 4793 451 4845 in
476 4792 529 4847 liae
552 4793 631 4865 reqia
655 4794 721 4850 arlia
752 4797 932 4867 eonqreqatis.
976 4794 1015 4850 m

207 4858 348 4931 Ephesiae
370 4858 477 4929 quidem
494 4859 579 4933 prior
598 4861 710 4939 impiam
727 4862 882 4918 Nestorium
904 4864 1015 4934 sitisque

206 4926 337 5006 doqmata
365 4926 476 4982 sustulit
504 4928 695 4998 damnantque
726 4937 781 4984 tani
811 4948 859 4986 eos
884 4932 931 5001 qui
957 4932 1015 4985 eius

207 5010 362 5065 epimonem
383 5010 462 5048 snam
481 4995 610 5065 fremant
634 4996 676 5051 vel
701 4997 811 5065 facium
838 4998 935 5069 etqui
955 5016 1014 5053 rani

209 5066 239 5116 15
269 5061 457 5133 probauerunt
477 5062 520 5118 nel
536 5062 666 5135 probarit.
702 5062 806 5119 Sancta
828 5072 917 5121 autern
937 5065 1014 5121 Clral-

206 5128 363 5185 eedonensis
385 5128 506 5199 synodus
526 5130 639 5187 natulit
664 5132 825 5211 conpulitque
852 5150 890 5188 εει
912 5134 1015 5187 sanetis

206 5196 250 5250 dci
273 5196 391 5252 ecetmiis
413 5202 440 5251 et
455 5196 594 5254 damnarit
613 5198 694 5255 etiam
710 5200 821 5271 impsum
838 5198 1014 5271 Entyedetem

206 5270 235 5319 et
244 5264 353 5337 placita
370 5264 428 5318 er'us
444 5279 545 5334 eosque
559 5265 609 5337 qui
628 5266 687 5322 eius
701 5266 862 5325 sententiam
877 5284 956 5323 niam
970 5269 1014 5339 fe-

206 5338 301 5387 rerant
321 5331 364 5387 vel
381 5331 493 5410 sarium
512 5331 555 5387 vel
570 5333 619 5403 qni
637 5350 698 5391 eam
714 5334 958 5407 comprobaverunt
973 5334 1016 5392 orl

206 5398 391 5471 comprobant.
431 5403 495 5454 rtem
512 5414 604 5456 omnes
619 5400 772 5459 Ιιαεειίίιοε
787 5418 934 5473 conorque
947 5400 1015 5475 doq-

1064 4664 1192 4733 qnoniam
1210 4664 1283 4719 dicta
1300 4670 1431 4735 quattuor
1448 4662 1670 4735 corialiapraeee
1692 4672 1726 4717 tis
1742 4661 1874 4719 suisliae-

1064 4736 1097 4785 ‘io
1130 4732 1229 4786 reticos
1250 4735 1564 4803 eormmqaepraeerpta
1586 4737 1757 4801 capierunt.
1791 4732 1833 4789 Ar
1850 4732 1876 4785 si

1064 4798 1126 4868 quis
1148 4797 1181 4853 de
1202 4816 1258 4853 una
1281 4798 1415 4853 dictarum
1435 4806 1592 4852 sanctarum
1608 4796 1774 4917 spriadarran
1795 4796 1876 4853 dalri-

1065 4872 1116 4930 tet,
1144 4873 1263 4937 apparet
1289 4884 1349 4921 eum
1371 4866 1523 4921 doctrinam
1548 4864 1582 4919 ab
1610 4866 1622 4917 ι’
1632 4864 1660 4919 ta
1686 4882 1716 4918 re
1754 4864 1823 4919 isam
1847 4872 1878 4923 et

1064 4937 1094 4986 21
1131 4931 1286 4987 damnatam
1310 4944 1405 4989 tenere.
1441 4932 1484 4988 lle
1503 4932 1566 5003 quis
1587 4932 1673 5003 iqitnr
1693 4882 1805 5003 [δῦνε
1820 4950 1876 4989 nos

1063 5000 1193 5070 inquietet
1209 5018 1281 5056 vana
1297 5018 1346 5073 spe
1362 5000 1497 5055 subnixia
1512 5016 1564 5054 rios
1582 5001 1750 5054 sommarium
1767 5000 1878 5071 aliquid

1062 5068 1166 5122 satietis
1182 5075 1315 5139 quattuor
1331 5068 1453 5123 conciliis
1467 5067 1568 5137 secisse
1579 5069 1739 5138 facturosve
1755 5083 1814 5122 esse
1829 5069 1877 5125 vel

1061 5135 1124 5203 fieri
1147 5134 1181 5189 ab
1204 5136 1298 5206 aliquo
1313 5136 1500 5208 permissuros
1525 5133 1567 5190 vel
1588 5134 1743 5189 memoriam
1765 5151 1876 5191 emani·

1063 5202 1124 5256 dem
1144 5211 1300 5258 sanetarmrn
1323 5212 1454 5273 quattuor
1469 5202 1637 5273 synodorum
1654 5202 1713 5257 tolli
1729 5205 1876 5261 essarris

1064 5274 1096 5325 22
1130 5270 1259 5327 ecelesiae
1270 5270 1368 5325 tabidis
1372 5286 1516 5343 passuros.
1553 5268 1650 5325 Omnes
1661 5270 1731 5325 enirn
1742 5269 1776 5323 ab
1785 5269 1822 5325 iis
1829 5288 1875 5327 re-

1058 5336 1158 5460 ρρίςοε
1194 5338 1390 5409 damnatosque
1418 5336 1642 5457 repulsorurnpic
1672 5336 1814 5393 doctrinas
1845 5347 1875 5396 et

1130 5404 1255 5465 adseelm
1267 5404 1432 5460 damriamus.
1460 5402 1581 5474 ideoque
1612 5404 1733 5464 ratitudo
1748 5410 1797 5459 tna
1810 5414 1876 5463 oret

205 5474 281 5521 mata
297 5472 325 5545 et
339 5482 388 5522 eor
403 5466 451 5536 qui
467 5468 730 5547 eoramppim'omm
742 5486 820 5527 suam
831 5470 960 5542 fecerum
974 5470 1017 5527 rel
1058 5488 1115 5545 pro
1132 5472 1212 5527 nobis
1227 5479 1377 5544 nostroque
1392 5471 1506 5545 imperio
1529 5470 1640 5527 edoceat
1659 5488 1693 5527 ae
1709 5480 1822 5528 cunctor
1839 5490 1875 5531 ae

208 5538 240 5613 111
260 5533 524 5613 [οαυαίδραοοας.
543 5530 674 5593 Simliter
681 5537 908 5595 damnantetiam
917 5536 1015 5594 Nesto-
1063 5539 1624 5613 certiorcssaoiatdrnostropropositoet
1648 5540 1762 5595 estiidio
1774 5548 1873 5599 riortro

205 5617 277 5657 marri
293 5606 322 5658 et
332 5601 438 5675 plaata
454 5616 513 5682 ειμι
528 5616 545 5657 ι
594 5618 628 5657 ιιι
644 5605 693 5675 qur·
704 5605 930 5663 etmsenteatiarri
937 5620 1015 5660 suam
1062 5624 1130 5679 erqa
1147 5608 1332 5665 intemeratam
1345 5605 1435 5677 fidem

203 5668 334 5741 serm
357 5668 400 5727 oet
420 5669 533 5739 sanant
555 5684 587 5725 oe
623 5671 671 5743 qui
691 5690 751 5730 earn
772 5672 1015 5748 comprobaremnt
