3832 6126
882 196 915 262 X

200 387 251 444 LII
268 385 310 441 De
333 385 473 442 undenus
501 383 632 439 tutelast
653 398 703 452 pro
727 398 781 452 qua
803 385 880 450 parte

300 454 413 523 quisque
431 457 549 507 tutorum
572 451 747 507 conveniatur

187 523 251 577 LIII
268 521 310 576 De
327 523 355 575 in
373 522 445 574 litem
466 519 582 573 iurando

171 591 249 645 LIIII
267 591 307 644 De
325 589 469 643 herodibus
491 595 610 642 tutorum

200 658 248 711 LV
267 657 296 710 Si
313 663 388 711 tutor
406 672 460 709 non
478 656 595 723 gesserit

187 724 250 780 LVI
268 724 309 779 De
327 724 417 778 usuris
436 723 613 791 pupillaribus

172 792 249 846 LVII
267 792 308 847 De
317 791 521 845 fideiussoribus
537 795 656 844 tutorum
666 805 714 843 seu
725 794 878 844 curatorum

162 861 250 914 LVIII
269 859 311 914 De
329 860 465 914 contrarIo
484 857 583 913 indicto

151 928 252 982 LVIIII
270 927 312 981 De
330 927 493 982 auctoritate
511 925 677 993 praestanda

201 994 251 1050 LX
269 994 381 1062 Quando
400 999 540 1048 curatores
552 993 594 1048 vel
611 997 717 1047 tutores
735 1007 793 1046 esse
811 991 880 1047 desi·

305 1068 371 1116 nant

190 1130 254 1184 LXI
271 1130 313 1185 De
330 1137 421 1184 actore
442 1144 459 1183 a
475 1133 565 1183 tutore
583 1144 631 1183 seu
650 1135 775 1182 curatore
793 1127 880 1180 dando

178 1197 254 1251 LXII
272 1198 314 1252 De
332 1197 553 1252 excusationibus
572 1200 599 1249 et
616 1196 781 1264 temporibus
791 1211 881 1249 earum

162 1265 253 1319 LXIII
271 1267 299 1320 Si
316 1267 393 1320 falsis
413 1264 626 1332 adlegationibus
645 1271 789 1317 excusatus
807 1269 849 1316 est

150 1333 253 1386 LXIIH
271 1333 300 1388 Si
318 1338 393 1388 tutor
411 1334 451 1385 rei
469 1333 593 1400 publicae
610 1347 693 1385 causa
712 1332 798 1385 aberit

179 1399 254 1455 LXV
272 1401 313 1455 De
330 1400 506 1455 excusatione
523 1406 711 1454 veteranorum

166 1467 255 1521 LXVI
273 1469 325 1536 Qui
344 1483 454 1522 numero
472 1469 618 1522 liberorum
636 1483 665 1522 se
682 1472 815 1521 excusant

152 1535 255 1588 LXVII
274 1537 325 1602 Qui
340 1543 428 1590 aetate

143 1603 259 1657 LXVIII
277 1604 328 1671 Qui
344 1605 439 1657 morbo

127 1670 256 1724 LXVIIII
274 1671 328 1739 Qui
343 1686 454 1725 numero
472 1671 619 1725 tutelarum

181 1738 258 1791 LXX
276 1739 316 1793 he
335 1745 460 1792 curatore
477 1739 574 1792 furiosi
592 1739 633 1791 vel
651 1737 757 1805 prodigi

168 1806 256 1860 LXXI
274 1806 315 1860 De
327 1806 442 1875 praediis
458 1807 498 1860 rel
512 1807 571 1858 aliis
585 1808 665 1859 rebus
680 1808 811 1859 minorum
827 1805 883 1857 sine

308 1875 416 1928 decreto
434 1889 489 1928 nou
506 1873 652 1927 alienandis
670 1874 710 1928 vel
733 1873 882 1940 obligandIs

154 1940 256 1994 LXXII
274 1940 387 2008 Quando
405 1941 513 1995 decreto
532 1957 600 2008 opus
619 1957 672 1994 non
690 1946 731 1994 est

143 2008 259 2063 LXXIII
276 2010 305 2062 Si
323 2010 383 2076 quis
400 2009 527 2076 ignorans
546 2025 601 2062 rem
619 2010 730 2063 minoris
748 2024 807 2062 esse
826 2007 883 2060 sine

308 2076 416 2130 decreto
435 2078 600 2144 comparavit

128 2143 257 2197 LXXIIII
275 2144 304 2198 Si
315 2144 401 2198 maior
414 2144 503 2198 iactus
515 2145 574 2197 sine
584 2144 692 2198 decreto
709 2144 808 2197 iactam
819 2143 883 2196 alie·

310 2213 444 2266 nationem
461 2216 548 2265 ratam
566 2212 693 2265 habuerit

156 2277 258 2332 LXXV
275 2279 317 2334 De
335 2279 534 2348 magistratibus
553 2279 741 2335 conveniendis

352 2484 459 2534 sinna
474 2482 607 2534 snxrus
627 2554 630 2560 ,

246 2581 319 2640 IDe
336 2580 454 2648 fugitivis
472 2584 556 2638 servis
573 2590 601 2637 et
623 2584 715 2639 liberis
732 2583 884 2651 mancipiis·

310 2665 362 2717 qus
376 2648 512 2704 civitatum
524 2651 673 2706 artificibus
686 2659 712 2706 et
729 2653 764 2705 ad
782 2652 886 2705 diversa

310 2717 744 2854 tiftXttttttttisth
755 2720 885 2788 lm

188 2917 193 2927 .
234 2852 261 2906 11
279 2851 320 2906 De
336 2850 416 2906 furtis
434 2859 461 2905 et
478 2854 511 2907 de
529 2870 606 2909 seruo
624 2864 750 2925 corrupto

221 2921 262 2974 III
280 2919 321 2973 De
339 2918 428 2987 operis
446 2920 604 2976 libertorum

206 2989 261 3042 IIII
279 2986 320 3041 De
343 2987 421 3106 ltionIs
445 2988 601 3044 libertorum
617 2993 646 3044 et
669 2989 702 3045 de
719 2990 777 3043 iure
793 2995 885 3058 patro-

312 3069 346 3107 na
359 3069 391 3107 ιιι

236 3123 260 3175 V
277 3121 307 3175 Si
323 3122 352 3175 in
363 3120 485 3175 fraudem
496 3124 606 3191 patroni
617 3124 745 3179 alienatio
759 3124 833 3178 iacta
846 3130 886 3180 est

222 3190 261 3243 VI
279 3189 320 3242 De
338 3189 473 3269 obsequiis
491 3192 612 3259 patronis
630 3193 801 3313 praestandis

208 3257 261 3311 VII
278 3257 320 3309 De
336 3256 440 3310 hbertrs
459 3264 486 3310 et
503 3274 595 3313 eorum
611 3259 631 3313 li
651 3260 703 3313 eris

195 3325 262 3380 VIII
279 3323 320 3377 De
333 3324 391 3378 iure
406 3339 549 3379 aureorum
566 3328 707 3381 anulorum
716 3331 744 3381 ct
760 3328 794 3381 de
809 3332 885 3382 nata-

312 3391 384 3445 libus
402 3393 575 3448 restituendis

182 3459 261 3516 VIIII
279 3458 329 3526 Qui
353 3459 457 3513 admitti
479 3460 513 3514 ad
535 3462 665 3516 bonorum
690 3464 885 3530 possessionem

313 3533 427 3594 possunt
443 3533 471 3580 et
487 3528 560 3582 intra
577 3530 648 3597 quod
666 3535 771 3598 tempus

235 3594 261 3647 X
278 3593 390 3715 Qmsdndo
401 3596 616 3714 noutpetentium
627 3605 717 3666 partes
733 3600 886 3666 petentibus

347 3676 460 3714 crescun

223 3727 263 3782 XI
277 3728 461 3849 Dffimmm
469 3731 640 3797 possessione
649 3733 795 3787 secundum
806 3735 885 3788 tabu·

208 3863 261 3916 XII
279 3863 320 3916 De
334 3865 464 3918 bonorum
477 3867 648 3933 possessIone
663 3872 757 3922 contra
769 3870 885 3932 tabulas,

313 3946 391 3998 quam
408 3940 519 4000 praetor
535 3934 626 4015 liberta
643 3937 785 4004 pollicetur

195 3997 260 4052 XIII
278 3997 319 4052 De
337 4000 469 4053 bonorum
486 4016 658 4068 possessione
669 4011 763 4058 contra
778 4006 885 4059 tabulas

312 4066 409 4187 Ima
424 4082 494 4134 quae
507 4071 629 4137 patronis
638 4072 679 4125 rel
691 4071 783 4128 liberis
792 4089 885 4128 eorum

183 4199 262 4253 xlm
278 4200 355 4254 Unde
371 4201 448 4255 liberi

211 4267 263 4322 XV
280 4268 357 4322 Unde
373 4268 483 4337 legitimi
499 4273 528 4324 et
544 4272 615 4326 uude
632 4274 737 4343 cognati

112 4349 119 4362 ·
198 4335 264 4388 XVI
280 4336 322 4391 De
339 4336 428 4391 edIcto
446 4341 614 4394 successorio

183 4402 263 4456 XVII
280 4404 322 4459 De
340 4405 509 4459 Carboniano
527 4407 615 4463 edicto

169 4469 261 4524 XVIII
278 4471 355 4526 Unde
371 4473 412 4526 vir
428 4480 456 4527 et
472 4489 541 4528 uror

157 4538 261 4593 XVIIII
278 4541 319 4593 De
335 4555 365 4593 rs
385 4539 504 4594 udlanda
521 4542 653 4597 bonorum
670 4548 841 4613 possessione

210 4607 263 4660 XX
280 4608 322 4660 De
339 4557 526 4663 audiationibus

196 4673 262 4726 XXI
279 4673 321 4727 De
338 4679 498 4730 testamento
517 4677 607 4731 militis

182 4740 261 4794 XXII
278 4742 330 4808 Qui
344 4740 435 4864 iacerte
447 4751 636 4800 testamentum
650 4755 766 4815 possunt
774 4751 815 4804 rel
831 4766 885 4805 nou

311 4825 413 4878 possun

169 4874 260 4930 XXIII
277 4877 319 4930 De
346 4880 526 4934 testamentisi
556 4881 778 4949 quemadmodum
800 4892 884 4941 testa·

312 4953 401 4999 menta
417 4947 577 5002 ordinantur

156 5010 262 5065 XXIIII
280 5011 322 5066 De
339 5013 482 5069 heredibus
498 5016 671 5072 Instituendis
687 5023 716 5073 et
737 5037 807 5088 quas
823 5038 885 5091 per·

226 5146 235 5159 .
312 5095 395 5160 sonae
411 5082 523 5138 heredes
539 5085 644 5139 iustitui
663 5103 715 5141 non
733 5098 848 5156 possunt

185 5145 264 5202 XXV
279 5146 322 5201 De
329 5151 542 5228 institutionibus
551 5160 579 5206 et
590 5154 827 5212 substitutionibus
837 5175 883 5213 sen

311 5217 524 5273 restitutionibus
542 5223 593 5276 sub
611 5221 770 5278 condicione
787 5225 867 5280 factm

168 5281 259 5336 XXVI
275 5281 318 5337 De
333 5284 500 5352 impuberum
518 5294 546 5340 st
562 5289 623 5343 alfia
646 5292 883 5348 substitutionibus

157 5348 262 5405 XXVII
280 5350 321 5405 Do
342 5354 502 5408 necmaarfis
523 5362 551 5409 et
572 5357 656 5411 serris
676 5359 820 5414 heredibus
841 5361 882 5415 iii·

311 5419 455 5474 stituundis
472 5421 514 5475 rel
531 5424 725 5480 substituendis

143 5483 260 5540 XXVIII
277 5485 319 5541 De
335 5486 427 5542 liberis
444 5491 596 5567 prostantis
612 5493 654 5547 sel
672 5493 841 5550 exheredatis

129 5550 261 5610 XXVIIII
277 5553 321 5609 De
373 5560 468 5610 smmis
487 5555 631 5614 herodibus
652 5562 824 5619 institueudh
841 5565 883 5619 rel

363 5622 504 5680 medendis
520 5625 563 5681 rel
578 5631 731 5698 praeteritis

1041 382 1121 438 XXX
1138 382 1179 437 De
1196 381 1255 436 iure
1277 381 1442 436 deliberandi
1460 385 1487 434 et
1510 381 1542 435 de
1563 379 1687 433 adeunda
1703 379 1745 433 vel

1170 449 1336 518 adquirenda
1353 450 1502 503 hereditate

1027 518 1120 572 XXXI
1138 518 1179 571 De
1202 518 1369 587 repudIanda
1393 520 1433 571 vel
1457 515 1618 571 abstinenda
1641 515 1744 568 heredi·

1170 592 1226 639 tate

1014 653 1119 707 XXXII
1136 652 1363 721 Quemadmodum
1379 653 1534 721 aperiantur
1549 656 1708 706 testamenta
1718 656 1746 702 et

1171 722 1213 774 ins
1234 721 1349 774 icIantur
1366 726 1394 774 et
1412 721 1598 773 describantur

1001 789 1119 842 XXXIII
1137 789 1202 843 Dee
1224 790 1276 842 'cto
1285 788 1339 841 divi
1347 788 1477 841 Hadriani
1487 789 1604 840 tollendo
1614 791 1641 840 et
1653 802 1744 854 quem-

1170 856 1314 910 admodum
1327 858 1444 925 scriptus
1459 857 1578 910 heresis
1595 855 1745 924 possessio·

1171 940 1231 977 nem
1248 925 1370 977 mittatur

989 992 1122 1045 XXXIIII
1140 992 1168 1046 Si
1186 992 1246 1059 quis
1264 992 1380 1072 aliquem
1402 993 1496 1046 testari
1519 991 1686 1059 prohibuerit
1703 992 1745 1043 vel

1014 1127 1117 1184 XXXV
1135 1066 1351 1195 Decffigedpldibus
1368 1133 1400 1181 ut
1417 1128 1532 1196 indignis
1545 1126 1703 1180 auferuntur
1718 1133 1747 1179 et

1170 1195 1204 1248 ad
1222 1203 1332 1250 senatus
1351 1196 1503 1250 consultum
1520 1196 1686 1249 Silanianum

1001 1263 1118 1317 XXXVI
1135 1263 1177 1317 De
1195 1263 1323 1317 codicillis

990 1331 1122 1385 XXXVII
1139 1331 1181 1385 De
1198 1331 1292 1398 legatis

976 1400 1119 1452 XXXVIII
1137 1398 1177 1453 De
1195 1401 1336 1453 verbonim
1354 1402 1381 1452 et
1400 1415 1489 1453 rerum
1507 1400 1703 1467 significatione

960 1466 1119 1520 XXXVIIII
1136 1467 1165 1519 Si
1183 1467 1282 1520 omissa
1300 1468 1335 1521 sit
1353 1483 1436 1520 causa
1453 1469 1607 1522 testamenti

965 1602 969 1613 ι
1016 1534 1120 1587 XXXX
1137 1534 1179 1587 De
1189 1534 1291 1588 indicta
1301 1535 1428 1588 viduitate
1442 1540 1469 1589 et
1486 1536 1519 1590 de
1534 1537 1669 1604 Iegelulia
1683 1536 1747 1589 mis-

1172 1603 1239 1656 cella
1256 1602 1376 1657 tollenda

1002 1669 1120 1724 XXXXI
1137 1669 1309 1738 Dehisquae
1339 1685 1422 1724 oenae
1431 1671 1537 1725 nomine
1549 1672 1577 1725 in
1586 1675 1747 1725 testamento

1171 1738 1212 1791 rel
1231 1687 1360 1791 codicidis
1378 1738 1567 1806 relinquuntur

991 1804 1121 1858 XXXXII
1139 1805 1181 1859 De
1198 1806 1408 1859 fideicommissis

977 1872 1121 1925 XXXXIII
1140 1873 1295 1927 Communia
1318 1874 1351 1926 de
1373 1874 1467 1941 legatis
1486 1880 1513 1927 ct
1535 1874 1748 1929 fideicommissis

1171 1947 1198 1994 et
1216 1942 1248 1994 dc
1266 1942 1366 1995 iurem
1384 1943 1511 1995 missione
1529 1941 1647 1995 tollenda

966 2007 1124 2062 XXXXIIII
1141 2008 1183 2062 De
1199 2009 1270 2062 salsa
1288 2024 1371 2063 causa
1387 2009 1493 2063 adiecta
1510 2010 1599 2077 legato
1614 2011 1655 2063 sel
1672 2010 1747 2063 fidei-

1172 2092 1313 2131 commisso

991 2143 1120 2198 XXXXV
1136 2143 1180 2198 De
1197 2144 1238 2198 hIs
1256 2159 1326 2226 quae
1343 2145 1394 2198 sub
1412 2144 1492 2198 modo
1509 2146 1597 2214 legata
1613 2146 1656 2200 rel
1672 2146 1749 2201 fidei·

1172 2228 1315 2266 commissa
1332 2214 1520 2282 relinquuntur

977 2278 1120 2334 XXXXVI
1138 2279 1179 2334 De
1209 2280 1411 2335 condicionibus
1439 2281 1547 2335 insertis
1574 2287 1630 2334 tam
1652 2282 1748 2348 legatis

1172 2363 1251 2415 quam
1268 2347 1480 2402 fideicommissis
1499 2353 1527 2402 et
1543 2349 1714 2404 libertatibus

968 2413 1125 2470 XXXXVII
1142 2414 1183 2470 De
1208 2416 1299 2470 usuris
1325 2422 1353 2470 et
1377 2417 1512 2471 fructibus
1534 2418 1684 2484 legatorum
1706 2418 1749 2473 rel

1171 2482 1436 2539 fideicommissorum

953 2549 1121 2602 XXXXVIII
1139 2550 1307 2606 Deinccrtis
1325 2553 1447 2620 personis

935 2616 1118 2672 XXXXVIIII
1137 2618 1182 2672 Ad
1199 2627 1309 2673 senatus
1328 2621 1480 2673 consultum
1498 2619 1697 2675 Tmbelfianum

1098 2686 1120 2738 L
1138 2686 1182 2739 Ad
1198 2687 1283 2754 legem
1300 2687 1449 2741 Falcidiam

1084 2753 1119 2805 Ll
1138 2753 1180 2808 De
1198 2754 1307 2808 caducis
1325 2755 1451 2809 tollendis

1072 2821 1123 2874 LII
1140 2821 1182 2876 De
1198 2822 1240 2875 his
1258 2824 1303 2890 qui
1316 2828 1379 2877 ante
1392 2829 1501 2891 apertas
1518 2824 1624 2878 tabulas
1642 2824 1747 2879 heredi·

1173 2895 1243 2944 tates
1260 2892 1447 2945 transmittunt

1061 2955 1124 3008 LIII
1167 2957 1254 3011 nando
1265 2957 1321 3012 dies
1330 2957 1410 3025 legati
1417 2959 1458 3012 vel
1468 2958 1665 3013 fideicommissi
1676 2960 1749 3014 cedit

1044 3023 1123 3076 LIIII
1164 3032 1176 3078 t
1194 3025 1222 3078 in
1238 3027 1436 3106 pessessiunem
1453 3027 1653 3093 legatorumrel
1670 3028 1748 3107 fidei-

1174 3109 1377 3147 commissorum
1390 3095 1580 3147 servandorum
1593 3110 1676 3149 causa
1686 3104 1748 3149 mit·

1174 3166 1249 3214 tatur
1264 3167 1293 3215 et
1309 3162 1417 3240 quando
1436 3162 1563 3215 satisdari
1579 3161 1659 3217 debet

1076 3228 1125 3283 LV
1143 3228 1184 3281 De
1207 3229 1263 3283 suis
1286 3233 1313 3282 et
1334 3230 1460 3296 legitimis
1483 3231 1574 3283 liboris
1591 3234 1619 3284 et
1641 3246 1674 3283 ex
1691 3230 1749 3284 fiha

1060 3361 1123 3415 ιιι
1140 3296 1317 3418 iustu
1329 3297 1702 3419 eistetihittitliiu

1047 3430 1123 3483 LVII
1139 3430 1183 3484 Ad
1200 3436 1311 3485 senatus
1329 3433 1481 3487 consultum
1498 3433 1659 3487 Orfitianum

1035 3497 1124 3550 LVIII
1142 3499 1184 3553 De
1201 3499 1325 3565 legitimis
1342 3500 1486 3554 heredibus

1021 3565 1124 3620 LVIlII
1142 3566 1299 3620 Communia
1316 3567 1349 3621 de
1367 3568 1584 3622 successionibus

1072 3634 1122 3686 LX
1139 3634 1180 3687 De
1198 3634 1275 3687 bonis
1292 3637 1420 3689 maternis
1437 3642 1466 3690 et
1482 3637 1594 3690 materni
1611 3637 1717 3703 generis

1061 3701 1125 3756 LXI
1141 3701 1183 3755 De
1200 3702 1286 3765 bonit,
1305 3718 1374 3769 quae
1385 3704 1475 3757 liberis
1485 3705 1513 3756 iu
1530 3708 1664 3772 potestate
1682 3721 1748 3760 con·

1174 3769 1276 3848 stitutis
1298 3786 1330 3823 ex
1355 3771 1524 3825 matrimonio
1542 3773 1592 3852 rel¹
1604 3773 1682 3854 ahter
1700 3774 1748 3827 ad-

1047 3904 1125 3958 in
1141 3840 1748 3986 „reseruassemus

1174 3988 1275 4053 riorum
1294 3974 1471 4030 cohortahum
1488 3974 1601 4029 militum
1618 3981 1647 4031 et
1661 3975 1748 4031 fabri·

1174 4055 1293 4094 cenmum

1201 4179 1307 4228 LIBER
1324 4179 1491 4232 SEPTIMUS

1110 4275 1124 4331 1
1140 4274 1182 4331 De
1199 4277 1457 4360 vindictahbertste
1469 4286 1498 4335 et
1514 4280 1588 4350 apud
1605 4280 1748 4337 consilium

1172 4360 1380 4403 manumissione

1094 4412 1121 4464 II
1138 4411 1179 4466 De
1196 4417 1398 4470 testamentaria
1415 4416 1623 4472 manumissione

1080 4479 1121 4532 III
1139 4481 1180 4534 De
1197 4481 1206 4534 l
1240 4497 1255 4535 e
1272 4482 1351 4537 Fufia
1368 4484 1480 4538 Caninia
1498 4484 1615 4538 tollenda

1067 4547 1120 4600 IIII
1138 4547 1180 4603 De
1196 4548 1216 4602 fi
1234 4551 1449 4607 eicommissariis
1467 4553 1635 4607 libertatibus

1099 4616 1125 4668 V
1141 4615 1183 4671 De
1201 4617 1327 4673 dediticia
1344 4620 1470 4674 libertate
1487 4620 1606 4674 tollenda

1083 4683 1123 4739 VI
1139 4683 1182 4738 De
1194 4684 1293 4740 Latina
1310 4687 1435 4742 libertate
1452 4688 1571 4742 tollenda
1583 4694 1611 4743 et
1626 4703 1676 4756 per
1686 4704 1748 4744 cer·

1172 4754 1747 4875 ffizmodosinciiitatemllomananitrans·

1069 4885 1120 4938 VII
1138 4886 1179 4942 De
1196 4904 1273 4944 servo
1293 4891 1427 4946 communi
1442 4893 1606 4948 manumisso

1053 4953 1119 5008 VIII
1136 4954 1177 5010 De
1195 4973 1271 5012 serso
1289 4959 1394 5040 pIgnori
1412 4961 1474 5014 dato
1492 4963 1655 5015 manumisso

1042 5020 1122 5103 VIIII
1138 5022 1181 5078 De
1198 5027 1282 5081 servIs
1299 5043 1339 5082 rei
1355 5029 1478 5097 pubIIcae
1494 5027 1712 5084 manumittendis

1096 5090 1122 5143 X
1139 5092 1181 5147 De
1204 5094 1247 5149 bis
1270 5095 1316 5162 qui
1337 5111 1356 5150 a
1378 5111 1434 5151 uon
1457 5096 1565 5151 domiuo
1587 5098 1747 5152 manumissi

1172 5168 1235 5216 suut

1081 5225 1121 5280 XI
1138 5229 1191 5297 Qui
1207 5230 1395 5286 manumittere
1411 5248 1466 5287 non
1489 5237 1604 5300 possunt
1620 5237 1648 5286 et
1663 5247 1700 5286 ne
1717 5233 1747 5288 in

1171 5297 1293 5354 fraudem
1310 5299 1472 5355 creditorum
1489 5302 1693 5354 manumittatur

1068 5361 1121 5415 XII
1139 5364 1190 5431 Qui
1201 5383 1256 5422 nou
1266 5374 1382 5435 possunt
1392 5368 1428 5422 ad
1444 5369 1596 5423 libertatem
1606 5369 1747 5437 peruenire

1052 5428 1119 5484 XIII
1135 5431 1195 5516 Pro·
1211 5435 1309 5516 quibus
1331 5435 1423 5491 canals
1446 5437 1517 5491 serii
1532 5435 1679 5504 praescium
1697 5452 1747 5491 ac·

1040 5564 1120 5620 inni
1136 5504 1515 5651 „thietmare

1066 5634 1118 5690 XV
1135 5636 1294 5695 Communia
1308 5638 1344 5695 de
1360 5639 1614 5696 manumissionibus
