3832 6126
115 259 319 312 masmana
340 258 559 311 omissuros
914 236 977 311 255
1668 250 1713 317 VI
1735 254 1775 317 ιι

106 428 214 484 taionis
228 428 433 485 successoribus
446 428 601 498 designatis,
619 429 709 484 omnis
724 445 792 500 quae
805 428 914 498 scriptis
965 435 981 486 ι
1016 432 1069 486 Per
1090 431 1317 501 nuncupationem
1334 450 1455 504 quoque,
1478 434 1529 489 hoc
1552 439 1594 489 est
1614 433 1672 489 sine
1689 435 1775 517 scrip·

106 496 244 552 hacdbus
267 502 426 566 competunt
442 498 565 553 iubemus
583 514 630 553 eos
648 498 747 553 habere
765 515 815 553 nec
833 514 915 567 super
965 503 1039 563 tura,
1072 505 1233 556 mstsmeuta
1258 519 1312 556 non
1337 503 1405 557 alias
1431 503 1519 557 valere
1544 502 1693 568 sancimus,
1723 503 1776 558 ursi

106 569 233 619 :oronim
253 565 433 634 possessionis
456 566 585 636 petitione
606 566 688 621 ullam
706 569 913 622 controuersiam
964 575 1066 637 septem
1084 574 1177 633 testes,
1201 574 1232 624 ut
1252 587 1283 625 su
1304 587 1334 624 ra
1351 571 1451 625 dictum
1471 576 1524 637 est,
1548 570 1628 624 simul
1650 587 1704 626 uuo
1728 587 1775 625 eo·

106 632 190 699 maci,
213 648 342 713 cumpro
359 632 456 688 herede
474 650 553 703 agere
573 639 672 714 cuncta
690 635 809 689 suidcist
826 643 854 689 et
871 636 913 689 ius
964 636 1077 705 demque
1103 641 1224 706 tempore
1256 588 1360 693 cobecti
1390 640 1527 694 testatoris
1554 638 1717 693 voluntatem
1744 643 1776 694 ιιι

106 706 229 755 [omne
252 715 313 770 ipsa
339 702 474 770 complere
500 702 582 757 aditio
608 701 737 757 videatur.
782 703 913 758 Omnibus
965 710 1196 759 btcstamentum
1214 706 1272 760 sine
1289 707 1422 774 scriptura
1438 707 1562 761 facientis
1578 706 1718 761 audierint.
1746 707 1774 761 si

106 769 197 823 ειιιιίιιι
212 768 405 849 praestandum
424 785 482 824 essa
506 785 659 835 censemus,
683 777 713 824 ut
734 771 818 825 libero
841 771 913 826 arbi·
964 772 1024 841 quis
1042 780 1131 827 autem
1149 778 1309 828 testamento
1327 775 1384 828 iure
1402 776 1521 844 perfecto
1540 781 1634 845 postea
1651 773 1686 828 ad
1702 774 1775 828 aliud

106 837 159 902 mio,
175 852 220 891 cus
234 835 353 892 tesundi
366 837 483 892 facultas
496 839 623 907 suppetit,
639 854 821 894 successorem
835 854 913 892 suum
964 841 1114 909 pervenerit
1131 846 1327 906 testamcutum,
1349 859 1402 896 non
1419 843 1486 896 alias
1504 842 1575 912 qnod
1594 848 1656 896 aute
1673 841 1775 897 iactum

106 904 195 959 subus
213 905 303 975 possit
318 905 444 974 precibus
463 905 602 961 declarare
620 912 647 960 at
660 907 757 961 stabile
770 907 839 962 sciat
854 922 913 962 esse
963 915 1006 963 est
1029 906 1159 965 infirmari
1182 909 1363 975 decernimus,
1386 926 1465 977 quam
1483 910 1519 974 id,
1538 910 1610 979 quod
1628 910 1775 964 meandum

106 971 833 1110 turbata”tttbiiutiiai‘ibbti
852 991 913 1097 ill
963 976 1775 1115 {litabilsbliibliit0sustantialis

1638 1086 1645 1110 i

106 1109 154 1162 nais
171 1108 262 1177 possit
279 1109 429 1164 testibusa
467 1112 573 1174 robure,
591 1110 614 1165 si
632 1110 656 1163 ei
674 1111 726 1165 alia
744 1126 841 1165 nocem
858 1126 912 1165 non
963 1113 1089 1166 intestato
1116 1113 1151 1165 sd
1177 1112 1315 1167 testatoris
1342 1113 1517 1167 hereditatem
1548 1113 1776 1168 successiouomue

106 1174 296 1299 battuli·-
312 1175 432 1300 tila
451 1177 764 1301 babillilm
787 1179 912 1310 ‘simlia
963 1180 1292 1302 illibabilis
1310 1181 1775 1316 ii.ittibiilbt‘tibti

130 1310 170 1370 20
198 1309 287 1366 ’idem
308 1312 364 1366 AA.
388 1313 505 1368 edictam
529 1314 566 1368 aa
584 1314 720 1386 populien
744 1315 820 1368 urbis
844 1313 912 1368 Con·
963 1315 1074 1369 ditatum
1097 1320 1235 1370 vocantur.
1276 1288 1309 1370 bo
1332 1317 1402 1370 euim
1427 1332 1506 1379 casu,
1535 1317 1598 1371 licet
1620 1317 1776 1385 imperfecta

106 1379 381 1452 :tantinopolitanw
401 1388 428 1436 ct
451 1381 489 1434 ad
511 1398 604 1436 enarres
620 1382 814 1453 provinciales.
856 1381 912 1436 No·
963 1383 1084 1438 rideatur
1105 1384 1239 1438 scritura
1260 1385 1405 1453 posterior,
1428 1385 1562 1439 infirmato
1584 1385 1673 1454 priore
1690 1391 1774 1439 testa·

107 1464 185 1502 umus
204 1447 320 1502 convelli
338 1447 518 1504 deficientium
537 1450 651 1519 scriptas
670 1449 727 1504 iure
751 1465 783 1504 ac
807 1449 912 1503 sobam·
964 1457 1052 1505 mento
1068 1400 1212 1505 accumbam
1227 1451 1284 1506 eius
1300 1452 1462 1506 uoluntatem
1478 1470 1531 1506 non
1561 1453 1775 1507 uasitestameu·

106 1517 167 1569 aiter
183 1515 347 1582 uoluntates,
365 1516 429 1571 dum
447 1518 581 1585 quoddam
598 1517 735 1572 morientis
760 1535 791 1572 su
811 1534 913 1571 remum
963 1525 1028 1583 tum,
1048 1519 1095 1573 sed
1113 1518 1190 1588 quasi
1206 1519 1370 1574 uoluntatem
1387 1471 1612 1574 subsanabant
1630 1519 1773 1575 sancimus.

106 1589 196 1638 utnon
215 1582 382 1663 adscriptum
395 1586 559 1667 processisse
574 1586 747 1640 confirmatur
762 1535 912 1650 arbitrium,
964 1593 998 1641 ba
1033 1587 1064 1640 lu
1089 1603 1142 1655 qua
1168 1587 1306 1640 uoluntate
1338 1587 1457 1656 quinque
1489 1588 1596 1642 testium
1626 1589 1775 1641 iuratorum

106 1667 235 1720 nmquam
261 1656 451 1720 patnnmomum
474 1669 553 1708 suum
576 1653 610 1707 ad
634 1669 683 1709 nos
707 1653 833 1708 deficiens
855 1669 911 1707 ma·
963 1654 1143 1723 depositiones
1156 1654 1304 1709 sufficient:
1324 1672 1376 1724 quo
1391 1671 1444 1709 non
1459 1654 1533 1709 iacto
1548 1655 1647 1709 calebit
1661 1655 1775 1723 primum

106 1728 110 1771 ι
147 1720 230 1773 luerit
247 1719 390 1787 pertinere.
426 1719 555 1775 Ommbus
578 1721 649 1775 euim
672 1721 782 1790 priuatis
800 1729 828 1775 ct
844 1721 912 1775 mili·
963 1726 1169 1786 testameutum,
1192 1723 1257 1777 licet
1279 1723 1306 1776 in
1325 1738 1356 1777 eo
1375 1723 1468 1791 scripti
1486 1723 1626 1778 rideantur
1642 1723 1773 1777 exhausi.

106 1788 219 1842 antibus
237 1786 429 1852 interdicimus,
448 1794 479 1842 ut
495 1788 649 1843 huiusmodi
663 1788 822 1858 perhibeant
837 1790 912 1843 testi·
964 1797 979 1845 6
1013 1790 1084 1844 lllud
1102 1789 1183 1844 etiam
1200 1789 1263 1845 huic
1280 1791 1333 1858 legi
1366 1791 1530 1859 erspexirnus
1549 1790 1726 1855 inserendum,
1744 1799 1775 1844 ut

106 1855 197 1920 monia,
217 1862 246 1908 et
262 1853 325 1909 falsi
343 1856 461 1911 criminis
479 1873 539 1912 reos
557 1856 642 1910 teneri
679 1857 853 1926 raecipimus,
878 1857 910 1924 si,
963 1858 1044 1913 etiam
1068 1859 1171 1913 Graece
1194 1860 1317 1914 omnibus
1341 1809 1422 1914 beent
1445 1861 1547 1913 testari.
1590 1858 1622 1912 ll.
1644 1858 1718 1929 prid
1738 1857 1773 1911 id.

106 1939 158 1977 rum
181 1923 302 1991 scriptae
324 1923 383 1978 iure
406 1939 439 1978 ac
462 1924 625 1980 sollemniter
664 1925 826 1979 eicientium
844 1926 910 1979 exti-
964 1925 1038 1999 Sept.
1065 1925 1303 2001 Coristantinopoli
1328 1926 1479 1983 Theodosio
1503 1929 1533 1981 A.
1553 1941 1623 1981 mr
1642 1934 1670 1981 ct
1692 1925 1774 1980 Festo

106 1992 179 2045 tarint
194 1991 364 2056 uoluntates,
389 2007 444 2046 uon
467 1994 519 2047 scri
540 1999 595 2046 tum
617 1992 717 2061 aliquid
735 1993 786 2047 sub
805 2001 911 2047 nostro·
963 2011 1050 2049 coins.
1659 1998 1694 2059 [a.
1714 1998 1774 2057 tau]

106 2075 156 2113 rum
178 2059 317 2113 nominum
339 2060 474 2139 mentione
498 2009 566 2115 tabeo
590 2060 730 2114 adstruere
757 2061 909 2115 moliantur.
997 2059 1038 2119 2⁶2
1065 2059 1134 2133 Imp.
1165 2062 1239 2116 Zeno
1263 2068 1294 2117 A.
1322 2061 1484 2117 Sebastiano
1506 2079 1555 2142 pp.
1602 2061 1775 2115 Distantibus

106 2131 121 2181 2
148 2126 233 2181 Nemo
256 2127 348 2195 itaque
370 2127 480 2182 relictus
497 2128 595 2183 heres³
617 2128 658 2181 vel
676 2129 780 2196 legibus
797 2128 831 2182 ad
849 2144 911 2182 suc·
962 2135 1123 2185 testamenta
1141 2130 1182 2184 sel
1205 2131 1284 2185 aliam
1308 2130 1454 2209 quamlibet
1473 2131 1593 2184 ultumam
1611 2128 1774 2183 uoluntatem

106 2194 245 2250 οιιιίοιιοιιι
276 2201 388 2250 vocatus
418 2201 539 2250 noemam
569 2196 610 2250 vel
639 2197 788 2266 potentium
814 2212 911 2251 nomeu
963 2198 1080 2266 legatum
1102 2198 1144 2253 vel
1166 2197 1399 2253 fideicommissum
1423 2198 1463 2252 sei
1487 2197 1673 2266 quodcumque
1701 2196 1775 2251 aliud

106 2263 248 2318 hamescat:
278 2279 355 2318 nemo
381 2263 453 2318 ferre
478 2264 632 2319 testimonia
657 2264 685 2317 in
709 2265 781 2318 bunc
803 2264 912 2320 modum
963 2266 1081 2334 quolibet
1103 2266 1219 2334 legitimo
1244 2267 1322 2320 titulo
1347 2269 1504 2320 testatorem
1527 2280 1606 2344 posse
1625 2265 1775 2333 relinquere

106 2331 142 2384 sel
157 2331 293 2401 suscipere
310 2330 393 2399 gestis
415 2331 568 2386 huiusmodi
585 2347 665 2386 voces
683 2331 781 2386 audeat
798 2333 912 2387 nostro⁴
962 2333 1070 2388 minime
1088 2333 1263 2388 dubitandum
1281 2341 1330 2388 est.
1366 2334 1481 2388 testibus
1505 2341 1585 2388 stiam
1603 2332 1638 2387 ad
1656 2332 1774 2388 efficien-

106 2399 143 2453 vd
164 2398 244 2455 ιιίιιιι
270 2398 438 2486 privatorum
460 2400 609 2466 potentium
631 2399 745 2454 nomine.
787 2399 821 2454 ll.
840 2401 912 2455 1111⁸
962 2400 1023 2456 dam
1047 2401 1210 2456 voluntatum
1235 2400 1361 2456 adhibitis
1385 2417 1434 2470 pro
1458 2417 1508 2456 suo
1532 2400 1609 2455 libitu
1650 2399 1704 2455 uod
1727 2416 1774 2454 ro·

106 2466 139 2520 id
154 2465 234 2521 biart.
255 2467 495 2539 Constantinopoli
513 2466 665 2523 Theodosio
683 2470 715 2521 A.
739 2481 784 2522 m
801 2474 829 2523 ct
845 2465 911 2522 Pal·
961 2470 1043 2524 luerit
1059 2473 1175 2524 testator
1191 2470 1341 2538 relinquere
1356 2486 1410 2523 non
1425 2469 1591 2537 prohibetur.
1649 2466 1696 2521 .lt.
1707 2466 1773 2522 Mai.

106 2533 171 2589 ladio
192 2550 281 2590 coms.
796 2540 831 2601 [a.
850 2539 910 2600 416]
964 2535 1202 2609 Constantinopoli
1219 2536 1327 2592 Basilio
1345 2537 1453 2591 ianitore
1470 2552 1507 2592 vc.
1527 2552 1600 2591 cons.
1661 2541 1696 2601 [a.
1714 2539 1774 2599 480)

137 2600 168 2659 it
188 2599 291 2674 'impp
312 2600 480 2658 lbcodosias
496 2609 523 2657 et
547 2601 755 2659 Valentinianus
772 2604 828 2659 AA.
847 2603 911 2658 Flo·
997 2601 1037 2662 ‘23
1062 2602 1131 2675 Imp.
1150 2603 1274 2660 lustinum
1291 2606 1322 2658 A.
1340 2602 1476 2659 bcbclao
1498 2620 1547 2675 pp.
1587 2603 1716 2657 Consulis
1734 2602 1774 2656 di·

106 2672 186 2725 rentia
198 2688 249 2742 p.
285 2669 346 2726 Hac
370 2670 568 2725 consultissima
590 2672 649 2740 lege
672 2671 807 2726 sancimus
829 2671 911 2726 licere
962 2672 1045 2737 ralia,
1074 2673 1171 2741 quihus
1198 2672 1367 2727 considerata
1392 2679 1564 2751 prospectum
1585 2677 1639 2736 est,
1668 2687 1702 2724 ue
1727 2688 1773 2725 vo·

170 2754 198 2793 sc
223 2740 333 2807 pturam
355 2737 558 2793 conficientibus
582 2744 785 2805 testamentum,
809 2739 834 2795 si
850 2740 910 2794 nul·
961 2741 1079 2796 luntates
1112 2739 1222 2795 ultimae
1252 2739 1432 2794 deficientium
1462 2756 1489 2792 ιιι
1522 2738 1574 2793 hac
1605 2739 1678 2806 regia
1707 2738 1775 2792 urbe

170 2807 238 2861 scire
255 2806 350 2860 rolunt
366 2820 436 2875 quae
453 2806 481 2860 in
499 2821 531 2861 eo
553 2808 656 2888 scripta
677 2814 755 2873 sunt,
778 2807 911 2877 signatam
962 2809 1101 2863 coniectae
1126 2808 1199 2877 apud
1225 2808 1306 2863 alium
1332 2806 1431 2875 aperiri
1457 2807 1563 2875 possint
1585 2822 1665 2874 quam
1689 2806 1774 2860 sirum

107 2873 145 2928 rel
161 2874 270 2943 Ιιςιιιω
290 2873 332 2928 sel
353 2879 460 2928 mutum
479 2874 597 2930 clausam
613 2875 831 2945 mrolutamque⁷
867 2892 911 2931 ro·
963 2877 1139 2931 clarissimum
1160 2892 1210 2945 pro
1233 2880 1353 2945 tempore
1375 2890 1471 2929 census
1489 2875 1657 2942 magistrum,
1680 2890 1774 2928 mouu-

108 2941 169 2996 icrre
193 2943 354 3012 scripturam
377 2942 419 2996 sel
440 2942 525 3012 ipsius
548 2944 685 2998 testatoris
703 2944 744 2998 vel
767 2893 911 2999 cuiusbbet
962 2945 1058 2999 menbs
1084 2944 1318 2998 intervenientibus
1345 2960 1394 3012 pro
1420 2942 1487 2997 iuris
1516 2941 1621 3008 ordine,
1653 2956 1727 3021 nevo·
1745 2941 1775 2996 in

110 3009 207 3065 ιιιιιιιιι
224 3025 306 3065 manu
324 3009 518 3079 conscriptam,
541 3025 653 3081 eamque
676 3013 775 3090 rogatis
797 3012 911 3068 testibus
962 3011 1124 3078 hereditate,
1149 3013 1226 3066 cuius
1248 3027 1351 3066 summa
1374 3015 1481 3065 centum
1498 3026 1642 3064 aureorum
1658 3015 1774 3078 pretium

111 3082 200 3147 satem
220 3093 332 3133 numero
354 3078 458 3133 civibus
474 3077 603 3134 Romanis
621 3079 769 3148 puberibus
787 3080 911 3134 omnibus
962 3095 1016 3135 non
1034 3079 1146 3145 excedit,
1166 3079 1295 3134 mercedis
1312 3079 1455 3148 quicquam
1473 3086 1521 3133 aut
1538 3084 1693 3146 sumptuum
1711 3092 1773 3131 ceu·

112 3144 177 3201 nusi
193 3145 291 3202 olima
313 3145 470 3215 sanandam
494 3151 521 3200 et
538 3145 766 3211 subscribendam,
788 3147 852 3201 dum
869 3154 910 3201 ta·
963 3164 1022 3203 anm
1052 3148 1270 3202 administrantes
1300 3154 1348 3200 aut
1373 3146 1505 3201 censualis
1532 3145 1665 3226 apparitio
1692 3160 1775 3213 super

111 3227 161 3268 nau
176 3214 290 3269 testibus
306 3214 494 3293 praesentibus
512 3220 627 3270 testator
650 3230 727 3268 suum
751 3230 810 3269 csse
827 3221 910 3270 testa·
962 3215 1115 3270 intimandis
1133 3214 1217 3270 isdem
1231 3215 1324 3283 elogiis
1338 3214 1456 3269 audeant
1469 3213 1588 3282 adseqm,
1606 3212 1684 3266 firma
1701 3228 1774 3266 nunc

112 3286 215 3337 mmtnm
232 3281 330 3337 dixerut
347 3280 419 3351 quod
437 3281 548 3336 offertur
565 3283 643 3352 eique
657 3282 716 3352 lpse
732 3299 822 3337 coram
836 3283 911 3338 testi·
962 3298 1068 3353 quoque
1093 3282 1222 3338 edicimus
1248 3298 1281 3336 ac
1315 3282 1454 3351 urepetita
1478 3281 1693 3362 promulgatione
1719 3296 1774 3360 pon

112 3346 154 3404 bas
167 3366 216 3405 sua
233 3349 362 3405 mannia
378 3349 481 3419 reliqua
498 3353 576 3419 parte
600 3352 754 3406 testamenti
774 3352 910 3420 subscrip·
962 3351 1049 3406 solum
1058 3350 1160 3405 iudices
1170 3351 1348 3420 quorumlibet
1356 3349 1570 3413 tribunahum'l,
1588 3365 1680 3402 verum
1693 3351 1774 3402 eham

113 3419 176 3472 serii:
201 3433 254 3486 quo
277 3416 353 3472 iacto
374 3425 401 3471 at
424 3418 538 3472 tesbhus
565 3435 619 3473 uuo
643 3418 790 3487 eodemque
813 3419 856 3473 die
878 3435 911 3474 ac
962 3418 1118 3474 defensores
1141 3418 1353 3484 ecclesiarum¹⁰,
1375 3432 1442 3487 quos
1466 3416 1648 3487 turpissimum
1667 3415 1773 3470 intima·

113 3487 217 3556 tmpore
245 3485 480 3540 subscribentibus
506 3489 535 3541 et
561 3487 798 3555 conspuentibus·
823 3486 911 3542 valere
961 3486 1072 3543 ιίοιιίιΠ
1096 3503 1181 3554 genus
1205 3488 1366 3555 inrepserat,
1390 3483 1603 3554 praemonendae
1625 3499 1773 3546 censemus,

114 3554 286 3609 manentum
303 3568 354 3608 nec
371 3553 432 3608 ideo
449 3552 588 3621 infirmari,
607 3554 677 3624 quod
693 3561 775 3609 testes
790 3555 912 3610 nesciant
962 3570 997 3611 ne
1010 3570 1066 3610 rem
1080 3555 1220 3623 attingant,
1237 3569 1305 3622 quae
1318 3552 1416 3607 nemini
1428 3568 1539 3621 prorsus
1552 3552 1667 3607 omnium
1678 3566 1773 3629 secun·

117 3623 128 3672 ι
152 3637 218 3691 quae
242 3622 272 3676 iu
297 3635 329 3675 eo
356 3621 458 3690 scripta
484 3629 548 3675 sunt
572 3626 741 3676 testamento.
784 3623 861 3690 Quod
888 3623 911 3677 si
962 3623 1026 3677 dum
1044 3623 1263 3677 constitutionum
1281 3624 1426 3690 praecepta
1441 3636 1520 3688 quam
1535 3635 1632 3674 cemus
1646 3625 1773 3687 magistro

116 3684 200 3745 iberas
231 3694 349 3744 testator
376 3688 483 3758 ignomt
512 3689 553 3743 vel
585 3691 752 3744 subscribere
788 3697 910 3759 nequeat,
963 3691 1098 3760 competit.
1135 3690 1280 3744 absurdum
1298 3696 1340 3743 est
1354 3703 1475 3756 namque,
1494 3687 1517 3742 si
1551 3687 1690 3741 romiscuis
1706 3687 1773 3739 acti·

117 3760 192 3813 tasso
215 3756 401 3826 subscriptore
423 3772 474 3826 pro
498 3772 529 3810 eo
554 3757 674 3813 adhibito
696 3758 788 3812 eadem
811 3759 912 3813 servari
962 3759 1111 3814 busrerum
1125 3757 1269 3811 turbentur
1283 3756 1374 3811 atticis
1389 3755 1472 3810 etalii
1488 3771 1517 3809 cr
1553 3755 1618 3808 'tum
1631 3754 1772 3832 aliussub3

117 3825 128 3874 2
151 3825 325 3881 decernimus
360 3824 393 3878 In
408 3824 532 3879 omnibus
547 3832 636 3879 autem
650 3827 826 3892 testamentis,
842 3841 912 3896 quae
961 3827 1060 3892 trahat,
1071 3841 1103 3879 ac
1112 3825 1204 3894 praeci
1224 3840 1257 3878 ue
1267 3823 1380 3887 clericis,
1394 3823 1518 3891 quibuso
1538 3822 1676 3890 probrium
1688 3825 1737 3887 est,
1751 3837 1773 3876 ιι

117 3893 284 3957 intuentihus
299 3892 341 3947 rel
353 3892 510 3948 absentibus
525 3894 640 3947 testibus
655 3892 799 3957 dictantur,
817 3909 910 3964 super·
962 3895 1063 3963 peritos
1073 3910 1103 3948 se
1112 3893 1196 3971 uelint
1205 3842 1428 3971 bisceptatiouum
1441 3840 1670 3971 assebreusium:
1686 3904 1774 3969 paena

118 3960 182 4017 baum
198 3965 240 4016 cst
256 3976 312 4015 uno
330 3960 422 4015 eodem
442 3976 475 4014 ue
493 3968 613 4029 tempore
632 3962 737 4030 exigere
755 3967 911 4017 testatorem
962 3962 1043 4017 etiam
1070 3959 1196 4015 semendis
1222 3959 1426 4014 temeratoribus
1452 3964 1601 4027 praesentis
1627 3963 1773 4011 sancuouis

117 4029 224 4084 amatas
241 4028 371 4084 adbibere
388 3977 531 4083 stbictare
545 4045 624 4083 suum
639 4029 778 4083 arbitrium
792 4035 821 4084 et
834 4030 912 4084 finirc
962 4029 1155 4100 quinquaginta
1174 4028 1304 4082 librarum
1327 4027 1394 4080 auri.
1409 4042 1477 4108 ‘uec
1491 4026 1559 4105 enim
1575 4023 1773 4106 concedendum

117 4097 296 4153 mortun.
326 4095 374 4151 sed
388 4096 452 4151 licet
469 4096 522 4151 alio
540 4102 660 4166 tempore
677 4097 807 4152 dictatum
825 4098 910 4167 scrip·
962 4106 1011 4166 est,
1024 4103 1055 4152 ut
1069 4111 1195 4165 suprema
1207 4101 1271 4150 vota
1284 4094 1462 4150 deficientium
1476 4109 1621 4148 esemuoms
1631 4108 1692 4161 quic
1711 4107 1774 4145 uum

117 4164 188 4219 burs
209 4163 365 4235 proferatur
382 4167 580 4231 testamentum,
598 4164 715 4219 suiticiet
732 4182 786 4219 uuo
805 4166 910 4220 eodem·
962 4182 996 4221 ex
1008 4165 1157 4233 mcongrua
1172 4163 1352 4218 insinuatione
1367 4162 1536 4227 contrahant,
1551 4161 1614 4214 dum
1624 4175 1666 4214 res
1682 4109 1716 4213 ab
1731 4158 1773 4212 in-

115 4232 211 4356 mmo
227 4232 304 4287 nubo
321 4237 387 4287 actu
403 4232 594 4286 interueniente
612 4238 694 4286 metes
714 4249 814 4300 omues,
838 4233 910 4288 ride·
962 4234 1088 4302 congruis
1103 4249 1169 4287 usur
1188 4240 1251 4285 atur
1266 4230 1403 4285 audacter.
1431 4229 1464 4283 b.
1476 4243 1544 4308 ⁸rm
1559 4227 1585 4282 lc.
1600 4226 1690 4282 beau
1706 4225 1773 4281 Con·

190 4300 269 4356 simul
301 4314 352 4354 uec
384 4299 495 4355 disemis
527 4301 705 4369 temporibus,
741 4301 910 4356 subscribere
962 4301 1083 4357 stantino
1104 4300 1142 4355 oli
1175 4301 1265 4354 astino
1280 4300 1312 4352 A.
1327 4313 1355 4352 11
1367 4308 1394 4352 et
1408 4296 1534 4352 tinctione
1548 4311 1635 4350 conss.
1668 4297 1773 4374 [abit]

116 4367 141 4420 la
168 4369 326 4438 meque
351 4371 549 4422 testamentum.
593 4367 687 4422 Finem
713 4373 803 4422 summ
827 4373 910 4424 testa-
997 4366 1038 4426 24
1063 4366 1154 4440 ‘Imp
1180 4366 1352 4421 lastinianus
1374 4366 1405 4420 A.
1460 4381 1526 4419 enas
1547 4381 1595 4436 pp.
1635 4362 1773 4430 Ambiguu-

115 4437 180 4491 nuti
205 4436 419 4504 subscriptiones
445 4442 473 4489 et
496 4435 634 4504 signmula
657 4436 765 4490 testium
786 4452 846 4491 esse
864 4437 910 4491 do·
963 4440 1041 4500 tates,
1059 4450 1129 4504 quae
1146 4436 1188 4490 vel
1205 4433 1339 4503 imperitia
1353 4433 1395 4487 vel
1413 4432 1515 4486 desidia
1531 4437 1691 4487 ιοιιοιοειιιι
1709 4447 1773 4484 con·

115 4504 240 4560 emimus.
283 4519 338 4558 non
360 4503 542 4573 subscriptum
566 4519 628 4557 nam
647 4518 681 4557 ue
704 4519 721 4558 a
745 4505 859 4559 testibus
878 4520 911 4559 sc
963 4504 1138 4559 scribentium
1159 4502 1294 4568 oriuntur,
1317 4501 1476 4555 resecandas
1500 4515 1560 4554 esse
1582 4513 1720 4553 censemus
1738 4502 1773 4560 et,

114 4569 231 4641 tinctum
253 4575 443 4626 testamentum
470 4587 519 4639 pro
542 4572 613 4641 impe
641 4576 701 4626 ecto
727 4570 820 4627 haberi
846 4589 909 4628 con·
963 4573 1018 4627 sive
1026 4571 1159 4626 institutio
1169 4570 1296 4626 heredum
1305 4576 1372 4648 post
1377 4567 1657 4648 legatorumtdationca
1671 4565 1774 4634 scripta

114 4640 126 4688 i
151 4640 227 4697 vonit
269 4639 314 4695 ux
336 4639 494 4708 imperfecto
517 4646 607 4693 autem
633 4644 793 4695 testamento
816 4641 910 4696 voiun-
963 4641 998 4694 sit
1014 4640 1056 4694 rel
1073 4639 1126 4694 alia
1144 4637 1334 4708 praetermissa
1349 4643 1386 4690 sut
1400 4636 1550 4690 observatio
1565 4650 1618 4714 uon
1637 4648 1671 4714 ⁰¹.
1686 4640 1774 4686 mente

113 4709 182 4763 him
206 4712 299 4763 tenere
324 4705 460 4772 defuncti,
492 4707 544 4762 nisi
574 4707 645 4761 iuter
671 4708 742 4763 solos
769 4709 867 4764 liberos
894 4726 911 4764 a
962 4708 1107 4773 testatoris,
1125 4707 1172 4761 scd
1189 4706 1254 4760 vitio
1271 4704 1422 4759 tabellionis
1440 4703 1481 4757 sel
1499 4704 1609 4757 alterius
1626 4717 1673 4770 qm
1690 4703 1773 4754 testa-

111 4777 255 4842 armabas
272 4775 415 4843 utriusque
432 4776 531 4830 ιιιιιιο
548 4775 689 4839 habeatur,
708 4792 763 4830 non
778 4777 910 4832 volumus.
961 4782 1079 4831 mentum
1089 4775 1190 4842 scribit,
1204 4774 1271 4832 nulii
1280 4772 1413 4827 licentiam
1423 4771 1592 4825 concedimus
1602 4784 1718 4846 peream
1728 4781 1774 4822 oc·

112 4844 138 4896 ts
163 4843 219 4899 ⁸⁰81
232 4858 297 4898 sero
310 4843 340 4896 iu
354 4841 507 4898 huiusmodi
521 4843 685 4897 noluntate¹¹
701 4843 792 4899 libaria
808 4845 863 4899 aba
876 4846 912 4900 sit
962 4845 1096 4900 casiouem
1110 4842 1247 4898 testatoris
1256 4842 1420 4896 voluntatem
1432 4839 1586 4894 subvertere
1596 4837 1772 4891 volmmuare.

110 4912 256 4968 nmanw'
277 4912 363 4965 mixta
380 4925 508 4980 persona,
533 4917 634 4965 certum
654 4916 695 4964 est
712 4926 771 4966 eam
788 4914 911 4968 uolunta·
962 4912 995 4968 1).
1014 4910 1139 4966 alans
1155 4909 1200 4964 dn.
1217 4907 1372 4964 Iustiniana
1390 4909 1421 4961 A.
1481 4920 1623 4983 .11cons.
1659 4909 1694 4969 [a.
1713 4907 1773 4968 528]

108 4983 166 5045 tam,
189 4985 320 5051 quantum
342 4977 377 5032 ad
402 4978 475 5032 illam
500 4978 640 5034 dumtaxat
665 4981 824 5058 permixtam
850 4997 911 5052 per·
997 4977 1036 5036 25
1062 4976 1163 5034 ''Idem
1181 4979 1212 5034 A.
1232 4976 1330 5032 Menae
1349 4993 1417 5056 pp..
1463 4976 1612 5076 racpostem
1677 4972 1774 5050 rehen-

107 5058 190 5103 tcusm
215 5062 267 5117 pro
293 5046 368 5101 nullo
394 5046 500 5112 haberi,
527 5047 575 5101 scd
601 5047 692 5102 liberis
715 5047 910 5104 adcrescere¹³.
962 5049 1077 5114 sionem,
1102 5061 1182 5116 quam
1203 5046 1308 5100 nouella
1331 5044 1506 5099 consutuuo¹
1534 5058 1564 5096 ιιι
1581 5040 1663 5095 dotab
1683 5055 1715 5094 us
1732 5055 1774 5093 m·

106 5220 180 5287 (ι).
198 5221 245 5276 la
262 5222 288 5285 ι,
305 5231 359 5282 ι,ι
461 5218 686 5283 (atarbisCoust.
709 5220 768 5284 17ι.,
790 5223 913 5274 ambiri
960 5221 1096 5287 petita...
1111 5217 1234 5269 librarum
1243 5217 1300 5266 auri
1310 5220 1428 5268 iterantur
1438 5217 1528 5280 inus,
1538 5225 1565 5266 to
1614 5215 1773 5278 (tbtsicdett

106 5287 134 5353 (ι)
148 5288 220 5341 hares
237 5308 282 5340 osu.
299 5289 345 5340 Tb.
414 5288 448 5352 (t)
465 5291 608 5338 nostrorum
628 5289 671 5339 Ta.
740 5291 774 5352 (ι)
792 5304 836 5341 1111
856 5291 910 5355 Th,
961 5307 1015 5343 carn
1033 5289 1048 5341 l.
1066 5307 1136 5355 aem,
1157 5284 1371 5350 protribunalium
1392 5284 1437 5336 CR
1492 5349 1497 5361 Ι
1538 5284 1584 5360 (ιι)
1600 5281 1775 5360 huiusalmae

106 5368 139 5409 m
155 5356 217 5409 flat
238 5356 264 5407 P
346 5356 381 5421 (ι)
397 5375 431 5397 -
448 5355 513 5408 Νοο.
535 5356 622 5407 Theoti.
645 5358 813 5419 16,1,n-s:
837 5360 911 5425 ianas
962 5357 1031 5408 urbis
1049 5357 1095 5408 ins.
1114 5356 1130 5407 l.
1147 5372 1208 5421 pen.
1278 5354 1322 5416 (ιι)
1344 5351 1521 5413 intimatiouns]
1545 5349 1693 5400 msinuaudu
1712 5349 1774 5400 ulia·

106 5422 126 5485 b,
139 5434 179 5487 ιι,
194 5435 217 5478 ι
236 5426 261 5484 l,
279 5434 302 5487 ι,
319 5435 345 5476 ιι
420 5424 455 5487 (ι)
471 5422 641 5473 involutamrs
660 5422 723 5476 Nou.
807 5427 842 5490 (a)
859 5426 910 5490 sig·
961 5439 1014 5475 maa
1037 5422 1206 5476 deficientium
1224 5420 1365 5471 voluntates
1390 5420 1406 5470 l.
1422 5437 1484 5487 pern.
1570 5421 1617 5481 (tt)
1643 5418 1679 5469 sic
1702 5417 1774 5480 Hal,

106 5490 218 5545 nebu
239 5490 304 5545 Nou.
407 5492 596 5557 (stuperent.
619 5495 759 5543 utasexus
783 5493 910 5545 onNou.
961 5492 1071 5544 dxrru
1094 5491 1120 5542 k.
1138 5488 1184 5541 iul.
1207 5489 1273 5540 alias
1358 5489 1405 5551 (ιι)
1423 5489 1495 5554 inape
1513 5488 1537 5549 3,
1555 5497 1592 5552 ιι,
1610 5497 1646 5539 ιι.
1670 5488 1695 5545 d,
1712 5496 1773 5562 ιιι

106 5560 145 5626 (ιο)
162 5566 177 5622 ι
194 5570 229 5614 ιιι
244 5578 275 5613 aa
291 5562 317 5623 ³,
335 5571 371 5624 aa,
389 5570 426 5622 aa,
443 5571 454 5613 ι
473 5565 507 5622 (a.
525 5563 574 5624 ιιι)
597 5561 685 5612 addita
706 5572 741 5612 ιιι
809 5563 851 5626 (ιι)
868 5561 910 5612 ds·
961 5560 1084 5627 (ro)1un.
1099 5561 1325 5620 cananaeam.
1370 5557 1416 5620 (ιι)
1430 5557 1504 5622 inops
1514 5557 1538 5619 8,
1548 5564 1612 5617 sau
1657 5550 1775 5618 (saturn

106 5626 203 5751 w
217 5626 361 5696 umam.
414 5629 459 5693 (ts)
474 5631 591 5679 mtrauea
607 5647 652 5680 οιιι.
667 5629 682 5679 l.
696 5647 757 5696 pem.
808 5631 854 5694 (tt)
868 5629 912 5680 sed
962 5629 1055 5682 Leonis
1072 5631 1118 5680 ina.
1137 5629 1192 5679 dett.
1204 5627 1317 5691 sortasse
1334 5642 1364 5676 aa
1380 5625 1441 5676 Inst.
1459 5626 1484 5688 3,
1502 5634 1536 5689 ιι,
1554 5634 1578 5676 ιι
1614 5634 1621 5646 “

111 5696 117 5706 ’
163 5694 345 5750 'aduncare
362 5714 407 5748 aas.
426 5696 441 5748 i.
459 5716 528 5766 para,
547 5698 637 5749 babent
656 5695 750 5750 Graeci
811 5700 855 5763 (ιι)
873 5714 912 5750 re·
