3832 6126
106 275 231 324 menni
252 273 382 323 narmi
785 250 848 325 229
1469 259 1497 327 V
1519 263 1645 328 51-54

106 443 149 497 tm
173 444 229 496 AA.
254 449 281 496 et
304 441 351 498 00.
377 441 532 508 Quintillae.
574 441 686 497 Tutelae
711 443 783 497 acuo
834 442 931 497 culum.
946 441 1053 497 mininie
1076 441 1197 509 finiatur,
1221 449 1310 499 tanim
1332 459 1392 499 enin
1410 445 1456 525 qui
1473 444 1643 501 administra-

107 511 201 565 edibus
251 525 314 564 uani
350 511 448 567 ιιιιιιιι
484 512 580 564 contra
612 525 782 566 successores
833 512 883 575 vit,
907 511 931 565 ai
953 511 1080 566 solvendo
1104 511 1152 576 sit,
1175 512 1202 565 in
1226 513 1311 580 primo
1329 514 1389 568 loco
1408 527 1519 582 eiusque
1537 529 1643 568 succes·

141 578 169 632 S.
184 580 224 632 ι’
265 577 640 633 necennensium.
675 585 708 643 [a.
723 583 782 642 tet]
833 593 909 634 sores
922 579 1117 634 conveniendos
1127 595 1248 635 essenon
1258 581 1410 650 ambigitur.
1439 581 1532 637 S.1111
1547 581 1573 636 li.
1586 581 1643 636 Oct.

106 661 135 716 p.
154 645 325 699 lastinianus
342 647 372 700 A.
394 645 503 700 liiiiano
517 663 567 717 pp.
594 646 700 701 Veteris
717 647 783 700 iuris
835 646 883 701 00.
903 662 991 702 conss.
1529 655 1564 714 [a.
1583 654 1643 715 iet]

105 728 165 768 uem
189 713 340 768 decidentes
363 714 510 780 sancimus,
536 714 559 767 si
581 715 688 781 quidem
709 718 784 768 tutor

106 784 146 836 tor
186 797 217 835 ro
240 783 392 835 substantia
409 782 503 849 pupilli
522 782 562 835 vei
580 782 665 835 adulti
683 780 783 849 aliquid

106 865 133 902 ie
164 799 261 902 dixerit
293 849 344 969 ndl
359 851 485 904 maiorem
491 851 691 971 111(ιιιιιιιιιιιιὲἑιιιιι
724 863 782 902 cum
1193 855 1285 914 LIII!

110 917 200 980 ‚sive
241 934 271 970 ro
296 918 334 969 uti
346 918 411 970 itate
453 917 498 970 ιι·
552 933 584 970 ιι
653 917 704 970 ιιι
728 917 782 970 sire

106 1000 129 1037 m
147 934 358 1065 simplicitatem⁴
381 934 506 1052 siveppldr
529 985 610 1038 aliam
646 1000 781 1039 uamcum·
1039 954 1085 1003 DE
1103 953 1141 1003 m
1159 954 1268 1004 LITEM
1287 954 1446 1007 IURANDO‘

106 1067 160 1116 ain,
178 1053 245 1130 nihil
263 1053 369 1131 veritati
385 1053 577 1131 praeiudicare,
601 1003 647 1106 sed
665 1053 716 1106 boc
733 1052 782 1105 ob·
870 1050 882 1107 i
907 1050 995 1124 impp.
1015 1052 1131 1107 ..S'eeerns
1152 1061 1179 1108 et
1196 1055 1350 1108 Antoninus
1368 1057 1422 1109 AA.
1443 1055 1642 1127 Asclepiodoto.

112 1120 168 1174 nod
190 1120 276 1187 ipsius
297 1121 336 1172 rei
359 1120 463 1174 inducit
484 1127 583 1174 natura
605 1127 633 1173 et
658 1135 783 1175 mensura
834 1119 970 1174 Adversus
992 1121 1116 1175 heredem
1134 1123 1233 1175 tutoris
1251 1121 1285 1175 ud
1303 1123 1514 1177 transferendam
1532 1125 1643 1178 tutelam

106 1139 171 1242 daris
197 1188 239 1241 vel
265 1187 350 1241 adniti
375 1189 492 1242 ostendit
517 1189 693 1242 substantiae.
735 1188 782 1241 Sin
807 1171 809 1229 i
834 1187 947 1241 iudicem
971 1189 1105 1257 accipiens
1129 1195 1248 1256 tempore
1271 1189 1325 1243 litia
1346 1190 1380 1243 ad
1397 1191 1526 1259 puberem
1544 1193 1643 1246 instru-

106 1256 240 1309 nventario
267 1256 376 1324 publice
401 1256 474 1315 facto
500 1273 543 1310 res
569 1256 715 1325 pupillares
741 1256 782 1309 vel
834 1262 923 1308 menta
959 1257 1101 1309 ertinentia
1119 1257 1225 1309 restitui
1242 1257 1413 1311 desiderabis.
1468 1259 1520 1312 uod
1541 1260 1563 1312 si
1582 1259 1643 1312 dolo

106 1323 269 1391 inscripserit
293 1328 321 1377 et
343 1324 401 1391 ipse
427 1340 476 1391 per
497 1324 648 1378 huiusmodi
666 1324 782 1392 scriptu·
833 1339 887 1375 uon
904 1272 1096 1386 exdibeantur,
1120 1325 1147 1376 iu
1169 1325 1242 1376 litem
1259 1325 1365 1378 iurandi
1383 1326 1432 1378 tibi
1449 1276 1566 1379 incultas
1584 1328 1642 1388 erit,

106 1390 196 1445 tessus
223 1391 304 1444 inerit
330 1391 486 1458 ampliorem
512 1391 686 1459 quantitatem
718 1392 782 1445 sub·
833 1390 910 1443 modo
938 1391 961 1444 si
984 1392 1118 1459 quondam
1141 1393 1244 1460 pupillo
1267 1393 1384 1446 debitam
1408 1393 1585 1448 adiectionem
1608 1395 1642 1447 ad

119 1474 173 1511 non
192 1473 252 1512 esse
268 1459 341 1512 aliud
360 1459 554 1528 inspiciendum
571 1460 624 1513 nisi
641 1461 692 1512 hoe
711 1459 783 1527 quod
832 1458 939 1511 vincula
956 1465 1068 1580 lq'uoque
1095 1459 1228 1527 religionis
1255 1461 1397 1514 estendere
1420 1462 1543 1515 volueris.
1584 1461 1641 1515 PP.

106 1533 132 1579 et
151 1527 297 1580 secundum
313 1528 381 1579 vires
398 1527 515 1580 eiusdem
530 1528 680 1594 scripturae
698 1527 781 1596 patri·
833 1525 859 1579 lc.
878 1528 921 1578 An
942 1569 947 1578 .
982 1526 1035 1581 'eta
1056 1541 1081 1580 11
1099 1543 1172 1581 cirris.
1529 1535 1563 1594 [a.
1583 1534 1642 1593 205]

115 1594 210 1661 pupilli
237 1594 276 1647 vel
308 1595 392 1648 adulti
418 1595 499 1660 exigi:
534 1610 620 1661 neque
647 1595 717 1647 enim
744 1595 783 1647 sic
868 1590 886 1648 2
929 1612 981 1665 inp.
1005 1596 1160 1648 Antoninus
1184 1596 1214 1649 A.
1240 1594 1346 1650 Souna.
1391 1597 1429 1662 Is,
1456 1597 1502 1664 qui
1524 1597 1643 1651 rabones

106 1663 195 1729 nplex,
213 1663 293 1715 immo
311 1663 395 1729 magis
413 1663 512 1716 stultus
531 1662 679 1725 iuvenitur,
703 1669 733 1715 ut
756 1670 785 1717 at
833 1662 934 1715 tutelae
957 1677 1005 1716 scu
1029 1677 1111 1715 curae
1133 1663 1264 1731 reposcit,
1290 1665 1388 1717 invitus
1412 1665 1439 1717 in
1462 1665 1534 1718 litem
1553 1666 1642 1718 iurare

106 1746 126 1781 ιο
143 1729 293 1783 inventario
317 1739 414 1783 contra
432 1746 462 1784 sc
480 1730 560 1784 scribi
578 1729 678 1798 aliquid
696 1731 782 1799 patia-
833 1728 956 1798 compelli
975 1747 1028 1784 uon
1046 1734 1144 1798 potest.
1180 1730 1228 1783 sed
1245 1732 1335 1784 volens
1352 1732 1391 1785 ita
1409 1730 1513 1785 demum
1531 1732 1641 1786 audien·

106 1837 111 1846 .
156 1796 206 1849 Illo
234 1797 328 1864 procul
355 1797 437 1851 dubio
464 1798 646 1858 observando,
672 1805 703 1851 ut
728 1814 783 1851 non
833 1797 883 1851 diis
907 1803 960 1862 est,
986 1798 1009 1851 si
1032 1798 1110 1852 heres
1134 1814 1182 1864 per
1205 1799 1308 1865 longam
1332 1799 1528 1854 successionem
1546 1801 1642 1853 tutoris

107 1870 170 1917 utor
193 1865 233 1917 vel
259 1870 369 1918 curator
394 1880 437 1919 res
461 1867 605 1933 pupillares
631 1866 672 1919 vel
699 1865 783 1919 adulti
833 1865 1009 1919 instrumenta
1032 1866 1176 1933 pupillaris
1199 1865 1279 1918 dolo⁹
1302 1867 1524 1920 circumveniendi
1548 1867 1642 1935 pupilli

106 1933 259 2000 ingereret
283 1933 364 1986 ullam
383 1934 665 1988 sibicommuuiouem
682 1933 718 1986 ad
735 1948 782 1987 eas
837 1939 846 1985 1
882 1934 969 1999 gratia
992 1933 1119 1987 exhibere
1141 1949 1195 1986 non
1213 1935 1276 1987 vult.
1319 1934 1366 1987 Sin
1384 1950 1445 1988 vero
1463 1949 1548 2002 neque
1565 1935 1642 1988 dolus

111 2041 118 2065 ,
141 2001 193 2053 nisi
210 2001 285 2120 Krine
303 2000 452 2054 inventario
470 2001 578 2068 publice
595 2001 668 2054 tacto
686 2016 782 2055 secuu-
832 2014 919 2080 neque
935 2000 992 2054 lata
1009 2002 1090 2068 culpa
1108 2016 1193 2068 neque
1210 2001 1285 2055 trans
1307 2002 1412 2056 heredis
1431 2003 1603 2057 convincetur
1613 2005 1641 2067 ¹⁰,

106 2083 157 2122 rem
180 2084 211 2122 so
224 2068 289 2121 'tuin
311 2084 356 2122 res
380 2069 418 2123 eis
442 2069 597 2122 tradantur:
623 2069 676 2122 nisi
698 2073 782 2123 testa·
833 2084 932 2121 omissa
946 2069 1119 2122 iurisiurandi
1133 2069 1263 2123 facultate
1276 2070 1356 2123 iudex
1366 2070 1399 2123 de
1408 2071 1519 2123 veritate
1529 2087 1641 2137 coguos-

107 2136 115 2186 i
144 2137 323 2189 substantiam
352 2138 538 2190 transmittunt
563 2137 716 2204 specialiter
741 2136 781 2189 in·
834 2143 884 2192 cet.
902 2151 970 2204 quae
986 2137 1065 2190 etium
1081 2139 1242 2204 argumentis
1257 2138 1362 2216 liquidis
1376 2136 1527 2206 investigari
1543 2144 1641 2207 potest.

106 2203 169 2256 dum
188 2204 321 2257 conscribi
338 2204 491 2258 vetaveriut.
521 2205 634 2258 Scituris
646 2204 782 2258 tutoribus
833 2202 889 2256 ΡΙ).
909 2218 944 2256 iri
960 2204 986 2257 lc.
1008 2208 1064 2258 tlct.
1084 2205 1190 2258 diiobiis
1207 2208 1305 2275 Aspiss
1323 2222 1410 2259 caiisa
1527 2211 1561 2270 [a.
1581 2210 1640 2269 tit]

106 2272 195 2333 ribus,
214 2272 293 2339 quod,
318 2273 341 2325 si
358 2272 535 2325 inventarium
553 2274 642 2326 lacere
659 2272 781 2338 neglexe-
867 2269 1005 2331 3¹¹ldem
1023 2274 1054 2324 A.
1074 2271 1218 2327 Prisciano
1236 2273 1316 2325 militi
1326 2276 1353 2326 ¹².
1383 2274 1492 2328 Summa
1509 2274 1642 2328 sententia

112 2340 192 2418 qiiasi
218 2340 337 2407 suspecti
362 2340 397 2392 ab
425 2340 515 2393 officio
542 2345 729 2394 removeantur
755 2344 783 2393 et
832 2339 1032 2406 comprehensa,
1049 2354 1129 2407 quam
1141 2341 1309 2394 cessantibus
1325 2344 1493 2396 curatoribus
1509 2342 1642 2409 quondam

106 2408 220 2473 gitimis,
243 2422 312 2475 quae
330 2415 425 2460 contra
443 2424 488 2461 eos
507 2409 692 2462 interminatae
710 2413 781 2467 sunt,
831 2407 885 2459 tiiis
897 2407 918 2440 ¹³
940 2406 1020 2460 iudex
1039 2414 1147 2460 secutus
1167 2408 1339 2462 iurisiurandi
1357 2424 1374 2461 a
1391 2417 1417 2463 te
1435 2410 1564 2477 prolati¹⁴
1581 2410 1642 2463 reli·

106 2481 149 2527 int
182 2481 208 2528 et
239 2482 334 2543 postea
365 2480 496 2543 perpetua
523 2476 630 2528 macula
656 2475 782 2528 infamiae
831 2474 934 2541 giouem
952 2475 981 2528 in
995 2475 1242 2529 condemnationem
1256 2475 1374 2539 deduxit,
1392 2478 1475 2530 minui
1488 2481 1569 2545 paeto
1587 2492 1641 2530 nou

106 2558 144 2609 ur,
163 2558 248 2611 neque
266 2545 300 2597 ab
318 2543 449 2610 imperiali
467 2544 595 2596 beneficio
612 2543 782 2597 absolutione
831 2543 928 2610 potuit.
946 2540 1002 2594 PP.
1014 2541 1124 2595 uului.
1136 2542 1220 2595 dacto
1229 2557 1256 2595 η
1269 2551 1296 2596 et
1307 2543 1414 2598 terente
1424 2561 1510 2599 corias.
1535 2550 1568 2609 [a.
1581 2549 1640 2608 tit]

106 2611 122 2662 li
146 2616 227 2663 nome
249 2609 365 2680 fruituri.
400 2610 434 2663 l).
457 2610 483 2663 lc.
501 2613 571 2681 Anq.
592 2609 781 2664 Coristantino·
867 2608 883 2664 4
911 2607 979 2729 imp.
1008 2609 1165 2662 Gordianus
1189 2613 1220 2663 A.
1248 2609 1385 2664 disiciano.
1430 2613 1490 2665 aiio
1517 2613 1573 2664 iure
1599 2618 1641 2665 est

106 2677 199 2748 pradia
217 2684 245 2732 ct
263 2679 357 2732 Oreste
374 2695 412 2733 uu.
432 2694 469 2733 cc.
488 2694 576 2732 conss.
667 2684 702 2742 [a.
721 2683 781 2742 tau]
831 2681 913 2740 tutor,
931 2677 984 2730 aio
1003 2677 1079 2730 bercs
1099 2678 1163 2730 eius.
1199 2682 1273 2731 tutor
1290 2678 1359 2731 euim
1377 2680 1552 2732 inventarium
1570 2686 1640 2733 cete·

831 2760 914 2813 reque
932 2746 1109 2798 instrumenta
1126 2745 1149 2798 si
1164 2761 1217 2798 nou
1230 2745 1360 2813 proterat,
1378 2747 1406 2799 in
1419 2747 1492 2799 litem
1507 2748 1640 2801 iusiuran-

832 2813 894 2865 dum
917 2811 1044 2866 adversus
1074 2827 1103 2866 se
1130 2818 1220 2879 potest
1243 2813 1395 2867 admittere:
1419 2816 1539 2867 atenim
1563 2815 1640 2868 heres

343 2886 406 2945 LII,
831 2881 888 2934 eius
910 2881 949 2932 ita
966 2879 1085 2942 denium,
1109 2880 1132 2934 si
1154 2887 1261 2948 reperta
1278 2882 1305 2934 in
1324 2880 1472 2935 hereditate
1489 2882 1551 2937 delo
1569 2883 1640 2937 male

106 2985 237 3035 fflssffl
260 2984 395 3034 mie
422 2984 467 3034 ΕΤ
489 2985 554 3034 1³1³0
576 2985 645 3042 01³1*
669 2983 781 3033 lem
831 2947 1101 3069 inibidiiiiu
1124 2948 1183 3069 ῗιῗέ
1197 2948 1641 3071 tttttttittttttttt

106 3053 225 3110 UISQUE
243 3052 404 3102 TUTORUM
423 3052 676 3103 CONVENIATUR'
831 3083 942 3136 heredes
960 3083 1017 3136 eius
1036 3083 1166 3136 actionem
1180 3099 1288 3151 praeses
1309 3057 1452 3137 'tenaciae
1468 3091 1558 3153 partes
1576 3100 1640 3138 suas

106 3195 112 3206 .
132 3150 289 3206 Gordianus
306 3152 337 3204 A.
359 3151 382 3207 0
403 3160 467 3206 tato.
495 3152 522 3205 Si
538 3157 599 3220 post
613 3152 717 3205 finitum
732 3149 780 3204 ad·
831 3151 968 3204 exhibebit
982 3165 1036 3204 non
1050 3151 1184 3217 ignoraus,
1198 3151 1249 3204 nisi
1264 3100 1440 3205 crdibeantur
1453 3153 1639 3218 instrumenta,

106 3221 173 3274 ionis
192 3220 309 3273 cilicium
328 3219 368 3273 col
381 3235 446 3287 egee
464 3221 503 3273 tui
521 3219 687 3273 indemnitati
702 3235 780 3286 prae·
831 3225 963 3339 guatensis
987 3219 1062 3271 iuxta
1085 3220 1197 3271 formam
1219 3220 1440 3289 constitutionum
1462 3227 1553 3289 partes
1576 3235 1639 3274 suas

109 3288 187 3342 douei
206 3290 315 3340 luerunt
336 3296 496 3355 posteaque,
521 3288 584 3340 dum
605 3302 659 3340 non
683 3302 779 3339 couve-
850 3288 928 3340 abeat
944 3287 1084 3340 moderari.
1121 3286 1177 3339 PP.
1202 3301 1243 3339 rii
1260 3286 1286 3340 lc.
1307 3289 1363 3341 Oct.
1383 3287 1435 3342 Pio
1457 3295 1484 3342 et
1501 3287 1640 3341 Pontiano

118 3356 206 3409 minus
233 3356 320 3408 idonei
343 3356 430 3409 effecti
457 3361 531 3419 sunt,
558 3355 651 3408 vitium
677 3353 781 3407 alienae
831 3371 917 3407 corus.
1527 3360 1560 3420 [a.
1580 3360 1639 3418 238]

106 3423 126 3476 is
143 3423 179 3476 ad
196 3423 236 3476 dis
257 3423 361 3476 andium
383 3430 458 3476 tuum
476 3424 610 3491 pertinere
627 3422 693 3475 iuris
710 3423 780 3474 ratio
864 3422 883 3478 5
904 3420 945 3474 Ins
962 3439 991 3493 p.
1013 3421 1200 3476 llioelctianus
1216 3430 1244 3474 et
1260 3421 1450 3476 Maximianus
1467 3424 1522 3477 AA.
1546 3430 1574 3477 et
1592 3421 1638 3477 00.

107 3496 160 3545 ιιι.
207 3439 262 3544 Ρβ.
286 3504 316 3543 rr
335 3491 371 3543 iii.
392 3489 457 3543 Mon.
486 3490 626 3543 Gordiano
649 3492 679 3543 A.
706 3503 732 3542 11
754 3497 781 3542 et
830 3440 1011 3543 Artemidoro.
1038 3490 1115 3542 Licet
1128 3490 1255 3542 adversus
1268 3489 1378 3543 heredes
1388 3491 1409 3522 ¹⁷
1423 3493 1457 3544 οι
1474 3507 1527 3544 nou
1539 3490 1640 3545 iactum

106 3575 139 3613 no
157 3575 243 3612 corias.
667 3563 700 3621 [a.
720 3561 779 3619 211]
830 3558 1006 3610 inventarium
1023 3557 1207 3609 iusiurandum
1230 3557 1257 3610 iu
1276 3558 1382 3611 actione
1399 3559 1501 3612 tutelae
1518 3565 1640 3626 praeter·

106 3644 155 3698 pp.
182 3626 269 3679 Carus
293 3624 409 3679 Casinus
431 3633 459 3680 et
482 3625 780 3679 sammonicum
830 3625 898 3678 mitti
913 3624 1060 3705 placuerit,
1083 3624 1196 3677 iudicem
1213 3630 1305 3678 tamen
1323 3625 1394 3678 velut
1412 3642 1444 3679 ex
1462 3626 1523 3679 dolo
1542 3627 1639 3681 tutoris

106 3697 146 3748 iio.
183 3694 211 3747 Si
234 3693 329 3747 divisio
352 3693 592 3748 administrationis
616 3693 684 3746 inter
706 3697 778 3745 tuto·
803 3670 806 3737 ι
830 3693 889 3746 aliis
912 3691 1016 3745 indiciis
1037 3692 1197 3746 instructum
1220 3692 1347 3746 adversus
1371 3709 1418 3747 eos
1442 3694 1511 3746 ierre
1531 3702 1638 3747 senten·

106 3767 241 3816 curatores
259 3762 287 3814 in
305 3761 397 3815 eodem
415 3762 476 3815 loco
494 3776 541 3814 seu
559 3761 698 3829 provincia
715 3775 778 3814 con·
830 3760 895 3813 tiam
922 3760 1053 3814 convenit.
1098 3760 1125 3813 S.
1155 3773 1211 3813 viii
1240 3760 1266 3813 lc.
1296 3760 1356 3814 lan.
1388 3760 1563 3815 Nicomediam
1591 3760 1638 3816 00.

106 3830 209 3882 iccdum
227 3829 292 3893 tuit,
317 3829 452 3882 licentiam
476 3828 558 3882 babet
577 3828 734 3882 adulescens
753 3832 780 3880 et
830 3843 917 3881 conss.
1526 3834 1560 3893 [a.
1579 3832 1640 3894 aas]

106 3914 165 3950 rum
183 3897 280 3964 eligere
303 3900 330 3951 et
347 3903 433 3950 totum
451 3896 571 3950 debitum
588 3895 701 3963 exigere,
721 3911 778 3950 ces·

106 3965 188 4018 elicet
211 3966 245 4018 ab
268 3979 300 4018 eo
322 3964 450 4019 adversus
479 3968 583 4018 ceteros
605 3969 707 4017 tutores
731 3978 779 4017 seu

107 4048 150 4086 res
169 4032 306 4153 actionuml
322 4032 347 4085 ei
366 4031 720 4153 competentiiamdiaeienda.
748 4031 780 4084 ln
1176 4035 1294 4095 L1111.¹·

106 4116 123 4153 n
153 4107 242 4153 autem
273 4101 502 4154 aministratione
550 4104 648 4153 encta
680 4099 735 4153 sive
763 4112 780 4151 a
892 4144 895 4150 .

117 4168 172 4222 sive
197 4184 214 4221 a
241 4169 377 4222 testatoris
402 4169 540 4222 voluntate
567 4182 780 4234 unumquemque
1008 4133 1054 4210 DE
1072 4134 1270 4186 HEREDIBUS
1287 4134 1456 4186 mom·

106 4234 332 4289 administratione
351 4237 491 4290 convenire
509 4238 611 4304 potest,
629 4234 779 4315 periculum
866 4231 879 4289 1
913 4230 1000 4304 impp.
1029 4232 1145 4288 Seuerus
1176 4241 1204 4288 et
1228 4234 1385 4289 Antoninus
1410 4235 1466 4288 AA.
1494 4232 1638 4289 Fusciano.

106 4303 231 4357 tutoribus
249 4319 298 4357 seu
316 4303 485 4359 curatoribus
504 4320 558 4356 uon
576 4303 779 4366 sustinentibus,
830 4301 949 4355 Heredes
975 4301 1073 4355 tutoris
1099 4302 1134 4355 ob
1161 4303 1365 4369 neglegentiam,
1393 4317 1462 4370 quae
1488 4316 1544 4355 nou
1569 4302 1640 4356 latae

117 4371 208 4426 dolum
234 4376 283 4424 aut
309 4372 415 4439 culpam
438 4377 593 4439 suspectum
617 4385 670 4424 nen
693 4385 778 4423 remo·
831 4370 925 4438 culpae
944 4370 1093 4437 comparari
1111 4370 1205 4437 possit.
1224 4370 1394 4424 condemnari
1413 4386 1466 4423 nou
1485 4373 1598 4438 oportet,
1617 4370 1640 4423 si

106 4440 122 4493 il
139 4439 216 4493 tarde
233 4455 279 4495 sus
300 4440 394 4494 iciunis
409 4440 539 4493 rationem
553 4444 699 4502 moverunt,
719 4453 779 4491 cum
830 4453 883 4491 non
902 4443 997 4490 contm
1014 4441 1129 4490 tutorem
1147 4438 1179 4491 lis
1192 4438 1320 4491 inchoata
1332 4442 1374 4492 est
1387 4452 1473 4506 neque
1490 4453 1523 4490 ex
1541 4437 1639 4492 damno

106 4524 153 4560 um
177 4523 230 4561 non
254 4455 378 4561 sedvendo
397 4508 509 4562 effectus
527 4507 570 4573 sit,
589 4508 628 4560 vel
647 4505 779 4575 suspicio·
829 4520 865 4573 pu
887 4505 924 4557 ilii
948 4504 1052 4558 lucrum
1074 4520 1107 4559 ca
1125 4512 1210 4559 tatum
1234 4512 1282 4558 aut
1299 4507 1401 4573 gratiae
1418 4505 1575 4574 praestitum
1593 4507 1637 4560 sit.

106 4591 144 4628 im
202 4575 269 4628 ende
294 4591 344 4629 sua
366 4581 462 4643 sponte
485 4575 544 4628 iura
567 4574 663 4643 pupilli
689 4573 778 4642 prodi·
830 4573 857 4626 P
881 4615 886 4625 .
911 4587 941 4625 vr
956 4570 992 4626 id.
1002 4571 1084 4626 Mart.
1104 4522 1243 4627 deiterono
1261 4581 1289 4627 et
1302 4574 1402 4652 Rufino
1417 4589 1504 4627 coiiss.
1533 4577 1567 4636 [a.
1581 4577 1638 4638 191]

106 4648 123 4697 1.
165 4591 223 4697 {dec
247 4643 356 4711 prodest
378 4644 416 4697 eis
439 4642 590 4697 dicentibus
611 4647 779 4696 ceututorem
864 4635 977 4710 21mp.
1002 4641 1156 4693 Antoninus
1178 4641 1209 4694 A.
1240 4641 1429 4695 l'nientniiano
1453 4649 1480 4695 et
1503 4638 1638 4694 Materno

115 4728 169 4766 non
188 4711 386 4765 administrasse
404 4711 550 4792 pupillares
568 4726 619 4765 res.
651 4709 699 4762 Sin
716 4725 778 4763 vero
830 4708 919 4786 Pater·
927 4714 1014 4761 vester
1036 4711 1110 4761 tutor
1132 4709 1172 4762 vel
1195 4715 1305 4762 curator
1326 4708 1405 4761 datus
1429 4709 1451 4761 si
1474 4724 1502 4762 ιι
1520 4722 1574 4762 nou
1592 4724 1638 4761 cx·

106 4794 132 4834 er
155 4795 183 4833 se
206 4793 249 4833 res
277 4779 513 4833 administrationis
539 4778 699 4842 diuiserunt,
725 4793 780 4830 non
831 4779 947 4836 cusaint,
975 4791 1028 4828 uon
1055 4775 1115 4828 idco
1139 4791 1185 4828 vos
1208 4777 1295 4829 minus
1317 4775 1429 4829 heredes
1456 4777 1513 4830 eius
1539 4776 1640 4830 tutelae

106 4863 126 4901 ir
152 4847 308 4901 adulescens
336 4854 362 4899 et
386 4864 467 4900 unum
494 4862 528 4901 ιιι
550 4847 591 4900 bis
615 4847 643 4899 in
666 4846 779 4899 solidum
829 4844 871 4897 vel
888 4843 947 4896 utili
964 4842 1061 4896 iudicio
1081 4844 1215 4896 conveniri
1233 4844 1354 4924 potestis,
1373 4843 1445 4910 quod
1461 4843 1552 4898 eum¹⁹
1568 4849 1639 4898 tute·

106 4932 118 4978 i,
136 4914 175 4968 ita
191 4921 221 4969 ut
235 4915 354 4969 actiones
382 4932 448 4985 quas
464 4915 590 4968 adversus
607 4913 674 4967 alios
689 4914 778 4977 habet,
829 4912 882 4965 lam
900 4926 948 4965 seu
967 4925 1057 4964 curam
1076 4926 1130 4963 non
1144 4911 1343 4965 administrasse
1358 4910 1459 4963 dicitis:
1479 4927 1539 4964 uam
1558 4911 1638 4965 etiam

106 4999 135 5037 m
151 4983 306 5037 transierat.
343 4956 398 5036 (Ψ.
419 4984 550 5037 llimesae
567 4983 624 5036 nvi
646 4980 671 5036 u.
691 4980 778 5052 April.
833 4984 842 5032 1
872 4979 1030 5033 cessationis
1040 4979 1107 5032 rado
1117 4978 1252 5032 reddenda
1260 4985 1309 5032 est.
1336 4979 1416 5032 Prius
1428 4982 1518 5032 tames
1527 4986 1639 5060 propter

106 5058 160 5105 ret
178 5051 345 5104 Numeriano
363 5053 419 5105 AA.
439 5067 526 5104 conss.
665 5055 699 5113 [a.
720 5053 777 5112 itt]
828 5052 918 5100 aetum
942 5061 1020 5099 suum
1043 5061 1090 5100 eos
1112 5045 1305 5101 conveniendos
1329 5061 1388 5100 esse
1406 5047 1450 5114 qui
1469 5046 1638 5100 administra-

106 5135 129 5191 p.
148 5117 337 5172 Diocletianus
354 5126 381 5173 et
397 5118 587 5172 Maximianus
605 5118 660 5171 AA.
684 5123 712 5171 et
730 5116 777 5170 00.
828 5115 916 5168 verint
938 5128 1018 5182 saepe
1039 5115 1122 5167 rescri
1141 5120 1198 5167 tum
1219 5121 1268 5168 est.
1304 5112 1361 5167 PP.
1380 5128 1416 5167 ,rr
1437 5114 1463 5167 lc.
1482 5111 1564 5168 Mart.
1583 5117 1638 5167 An·

112 5186 192 5242 Licet
219 5192 337 5240 tutorum
362 5186 535 5242 conventione
561 5191 682 5241 mutuum
708 5184 778 5253 peri·
831 5183 925 5236 tonino
943 5183 975 5236 A.
995 5195 1049 5234 1111
1065 5190 1092 5235 ct
1137 5183 1229 5236 albino
1247 5198 1334 5236 conss.
1521 5186 1556 5245 [a.
1578 5184 1638 5244 213]

106 5303 446 5311 ...ι--ψ-...μ--μ-
462 5304 467 5308 -
478 5304 490 5309 -

106 5355 161 5421 VC,
178 5358 259 5409 onP
307 5358 513 5421 (2)1HoI.,om.
528 5358 553 5408 V
600 5358 633 5420 (t)
643 5356 718 5406 Sirmi
730 5354 776 5406 tet.
828 5357 874 5419 (13)
892 5357 943 5407 tuti
960 5357 985 5408 R
1006 5354 1120 5416 (tinnula,
1143 5355 1200 5418 quia
1223 5355 1270 5405 VC*
1351 5355 1397 5416 (11)
1415 5351 1505 5418 perlati
1533 5353 1639 5404 Censuit.

106 5427 164 5491 ΡΨ,
181 5441 229 5491 pro
246 5441 290 5476 sua
307 5426 466 5492 simplicitate
485 5425 516 5476 12
584 5429 617 5489 ts)
634 5425 711 5488 impp.
730 5423 777 5472 Ca·
829 5427 874 5487 (15)
892 5426 916 5474 k.
939 5425 1044 5475 Censuit.
1065 5423 1135 5485 Hui,
1153 5439 1172 5471 x
1190 5423 1213 5471 k.
1240 5423 1264 5472 V
1336 5424 1382 5486 (te)
1399 5424 1435 5472 sic
1458 5422 1487 5485 V,
1505 5420 1574 5470 vobis
1592 5422 1637 5469 ins.

106 5495 384 5545 [mensunusum.
435 5493 542 5558 (stipsis
562 5493 596 5540 ι’(ι
648 5494 681 5556 (1)
696 5507 733 5541 xv
750 5491 777 5553 V,
831 5493 900 5544 PCR
934 5495 979 5555 (it)
997 5491 1099 5540 heredes
1114 5493 1179 5553 dett,
1198 5489 1287 5540 herede
1302 5490 1342 5540 nel
1355 5489 1460 5540 heredes
1481 5490 1503 5554 (ι
1512 5489 1551 5539 uel
1558 5490 1592 5548 ιιι)
1608 5487 1637 5548 V,

145 5563 437 5629 (atlitais-Cſs
456 5564 516 5628 bip.
538 5562 607 5624 tta
668 5557 779 5623 (niolo
829 5560 944 5611 hcrcdsm
965 5560 1009 5611 Gli
1055 5559 1101 5623 (ia)
1121 5557 1467 5628 BtS,i-Cs.l>i9.t'l‚i
1516 5557 1561 5620 (ia)
1581 5568 1636 5604 eum

106 5648 168 5687 matt
236 5629 779 5696 (iotoonnnoituiaiii.en›n132(a.n.)
830 5631 894 5697 dett,
912 5643 966 5681 eam
989 5627 1059 5680 Veli

106 5697 231 5754 multatae
249 5701 273 5762 9,
292 5711 305 5754 t
374 5700 418 5766 (tt)
436 5698 513 5751 militi
533 5697 647 5765 Censuit,
666 5716 710 5750 om.
723 5697 781 5751 iibri

770 5299 961 5306 --—.——----.
970 5299 1044 5305 ..1—-
1066 5297 1155 5304 ----—
1169 5298 1200 5303 ....
