<?xml version="1.0" encoding="UTF-8"?>
<!DOCTYPE html PUBLIC "-//W3C//DTD XHTML 1.0 Transitional//EN"
    "http://www.w3.org/TR/xhtml1/DTD/xhtml1-transitional.dtd">
<html xmlns="http://www.w3.org/1999/xhtml" xml:lang="en" lang="en">
 <head>
  <title>
</title>
<meta http-equiv="Content-Type" content="text/html;charset=utf-8" />
  <meta name='ocr-system' content='tesseract 3.04.00' />
  <meta name='ocr-capabilities' content='ocr_page ocr_carea ocr_par ocr_line ocrx_word'/>
</head>
<body>
  <div class='ocr_page' id='page_1' title='image "./corpusiuriscivi00justgoog_0157.png"; bbox 0 0 3870 6134; ppageno 0'>
   <div class='ocr_carea' id='block_1_1' title="bbox 128 224 1663 301">
    <p class='ocr_par' dir='ltr' id='par_1_1' title="bbox 128 224 1663 301">
     <span class='ocr_line' id='line_1_1' title="bbox 128 224 1663 301; baseline -0.003 0"><span class='ocrx_word' id='word_1_1' title='bbox 128 232 177 301; x_wconf 85' lang='lat'><strong>111</strong></span> <span class='ocrx_word' id='word_1_2' title='bbox 198 235 248 301; x_wconf 77' lang='lat'><strong>28.</strong></span> <span class='ocrx_word' id='word_1_3' title='bbox 271 235 312 298; x_wconf 77' lang='lat'><strong>29</strong></span> <span class='ocrx_word' id='word_1_4' title='bbox 942 224 1003 301; x_wconf 75' lang='lat' dir='ltr'><strong>idi</strong></span> <span class='ocrx_word' id='word_1_5' title='bbox 1244 250 1291 297; x_wconf 86' lang='lat' dir='ltr'><strong>iia</strong></span> <span class='ocrx_word' id='word_1_6' title='bbox 1312 246 1537 298; x_wconf 80' lang='lat' dir='ltr'><strong>murmurans</strong></span> <span class='ocrx_word' id='word_1_7' title='bbox 1556 246 1663 297; x_wconf 81' lang='lat' dir='ltr'><strong>nonii</strong></span> 
     </span>
    </p>
   </div>
   <div class='ocr_carea' id='block_1_2' title="bbox 128 412 1664 5092">
    <p class='ocr_par' dir='ltr' id='par_1_2' title="bbox 128 412 1664 5092">
     <span class='ocr_line' id='line_1_2' title="bbox 128 412 1663 499; baseline -0.001 -29"><span class='ocrx_word' id='word_1_8' title='bbox 128 419 181 473; x_wconf 89' lang='lat' dir='ltr'><strong>bus</strong></span> <span class='ocrx_word' id='word_1_9' title='bbox 211 416 385 499; x_wconf 80' lang='lat' dir='ltr'><strong>generaliter,</strong></span> <span class='ocrx_word' id='word_1_10' title='bbox 421 416 466 486; x_wconf 88' lang='lat' dir='ltr'><strong>qui</strong></span> <span class='ocrx_word' id='word_1_11' title='bbox 497 416 526 471; x_wconf 90' lang='lat' dir='ltr'><strong>in</strong></span> <span class='ocrx_word' id='word_1_12' title='bbox 557 415 667 471; x_wconf 88' lang='lat' dir='ltr'><strong>diversis</strong></span> <span class='ocrx_word' id='word_1_13' title='bbox 699 415 873 484; x_wconf 76' lang='lat' dir='ltr'><strong>dignitatibus</strong></span> <span class='ocrx_word' id='word_1_14' title='bbox 902 417 944 471; x_wconf 91' lang='lat' dir='ltr'><strong>vel</strong></span> <span class='ocrx_word' id='word_1_15' title='bbox 1029 414 1050 474; x_wconf 81' lang='lat'><strong>2</strong></span> <span class='ocrx_word' id='word_1_16' title='bbox 1077 414 1167 497; x_wconf 79' lang='lat' dir='ltr'><strong>lmpp.</strong></span> <span class='ocrx_word' id='word_1_17' title='bbox 1201 414 1364 471; x_wconf 73' lang='lat' dir='ltr'><strong>Valerianus</strong></span> <span class='ocrx_word' id='word_1_18' title='bbox 1394 422 1424 470; x_wconf 90' lang='lat' dir='ltr'><strong>et</strong></span> <span class='ocrx_word' id='word_1_19' title='bbox 1453 412 1596 469; x_wconf 71' lang='lat' dir='ltr'><strong>Galliam</strong></span> <span class='ocrx_word' id='word_1_20' title='bbox 1620 414 1663 469; x_wconf 72' lang='lat' dir='ltr'><strong>Aa</strong></span> 
     </span>
     <span class='ocr_line' id='line_1_3' title="bbox 130 482 1663 564; baseline -0.003 -25"><span class='ocrx_word' id='word_1_21' title='bbox 130 485 406 539; x_wconf 72' lang='lat' dir='ltr'><strong>administrationibus</strong></span> <span class='ocrx_word' id='word_1_22' title='bbox 421 484 503 553; x_wconf 86' lang='lat' dir='ltr'><strong>positi</strong></span> <span class='ocrx_word' id='word_1_23' title='bbox 516 499 533 538; x_wconf 90' lang='lat' dir='ltr'><strong>a</strong></span> <span class='ocrx_word' id='word_1_24' title='bbox 546 491 640 539; x_wconf 90' lang='lat' dir='ltr'><strong>nostra</strong></span> <span class='ocrx_word' id='word_1_25' title='bbox 649 492 851 552; x_wconf 85' lang='lat' dir='ltr'><strong>consequuntur</strong></span> <span class='ocrx_word' id='word_1_26' title='bbox 862 500 944 538; x_wconf 90' lang='lat' dir='ltr'><strong>manu</strong></span> <span class='ocrx_word' id='word_1_27' title='bbox 994 485 1076 539; x_wconf 88' lang='lat' dir='ltr'><strong>Pater</strong></span> <span class='ocrx_word' id='word_1_28' title='bbox 1101 500 1126 538; x_wconf 91' lang='lat' dir='ltr'><strong>si</strong></span> <span class='ocrx_word' id='word_1_29' title='bbox 1151 499 1229 538; x_wconf 89' lang='lat' dir='ltr'><strong>omne</strong></span> <span class='ocrx_word' id='word_1_30' title='bbox 1255 484 1444 564; x_wconf 75' lang='lat' dir='ltr'><strong>patrimonium</strong></span> <span class='ocrx_word' id='word_1_31' title='bbox 1467 482 1663 552; x_wconf 82' lang='lat' dir='ltr'><strong>suum-imputa</strong></span> 
     </span>
     <span class='ocr_line' id='line_1_4' title="bbox 134 549 1663 633; baseline -0.003 -27"><span class='ocrx_word' id='word_1_32' title='bbox 134 555 162 606; x_wconf 80' lang='lat' dir='ltr'><strong>tlr</strong></span> <span class='ocrx_word' id='word_1_33' title='bbox 198 554 239 607; x_wconf 88' lang='lat' dir='ltr'><strong>vel</strong></span> <span class='ocrx_word' id='word_1_34' title='bbox 257 569 291 607; x_wconf 85' lang='lat' dir='ltr'><strong>ex</strong></span> <span class='ocrx_word' id='word_1_35' title='bbox 308 553 421 622; x_wconf 79' lang='lat' dir='ltr'><strong>publicis</strong></span> <span class='ocrx_word' id='word_1_36' title='bbox 440 553 545 606; x_wconf 89' lang='lat' dir='ltr'><strong>salariis</strong></span> <span class='ocrx_word' id='word_1_37' title='bbox 563 552 693 621; x_wconf 90' lang='lat' dir='ltr'><strong>quasdam</strong></span> <span class='ocrx_word' id='word_1_38' title='bbox 709 553 855 633; x_wconf 63' lang='lat' dir='ltr'><strong>largitata.</strong></span> <span class='ocrx_word' id='word_1_39' title='bbox 892 550 944 606; x_wconf 89' lang='lat' dir='ltr'><strong>Sed</strong></span> <span class='ocrx_word' id='word_1_40' title='bbox 995 554 1139 607; x_wconf 90' lang='lat' dir='ltr'><strong>immensae</strong></span> <span class='ocrx_word' id='word_1_41' title='bbox 1160 551 1327 607; x_wconf 77' lang='lat' dir='ltr'><strong>liberalitatis</strong></span> <span class='ocrx_word' id='word_1_42' title='bbox 1348 552 1376 606; x_wconf 93' lang='lat' dir='ltr'><strong>in</strong></span> <span class='ocrx_word' id='word_1_43' title='bbox 1394 552 1478 605; x_wconf 85' lang='lat' dir='ltr'><strong>filium</strong></span> <span class='ocrx_word' id='word_1_44' title='bbox 1503 549 1611 616; x_wconf 81' lang='lat' dir='ltr'><strong>effudit,</strong></span> <span class='ocrx_word' id='word_1_45' title='bbox 1638 564 1663 603; x_wconf 88' lang='lat' dir='ltr'><strong>ai</strong></span> 
     </span>
     <span class='ocr_line' id='line_1_5' title="bbox 130 617 1663 699; baseline -0.002 -25"><span class='ocrx_word' id='word_1_46' title='bbox 130 623 181 676; x_wconf 90' lang='lat' dir='ltr'><strong>bae</strong></span> <span class='ocrx_word' id='word_1_47' title='bbox 198 621 304 689; x_wconf 89' lang='lat' dir='ltr'><strong>quidem</strong></span> <span class='ocrx_word' id='word_1_48' title='bbox 322 635 454 699; x_wconf 86' lang='lat' dir='ltr'><strong>personae</strong></span> <span class='ocrx_word' id='word_1_49' title='bbox 471 621 624 674; x_wconf 87' lang='lat' dir='ltr'><strong>testamenti</strong></span> <span class='ocrx_word' id='word_1_50' title='bbox 644 620 760 674; x_wconf 86' lang='lat' dir='ltr'><strong>faciendi</strong></span> <span class='ocrx_word' id='word_1_51' title='bbox 777 619 878 674; x_wconf 86' lang='lat' dir='ltr'><strong>habeut</strong></span> <span class='ocrx_word' id='word_1_52' title='bbox 896 635 944 688; x_wconf 91' lang='lat' dir='ltr'><strong>pu·</strong></span> <span class='ocrx_word' id='word_1_53' title='bbox 995 624 1093 674; x_wconf 88' lang='lat' dir='ltr'><strong>testate</strong></span> <span class='ocrx_word' id='word_1_54' title='bbox 1116 621 1139 673; x_wconf 92' lang='lat' dir='ltr'><strong>is</strong></span> <span class='ocrx_word' id='word_1_55' title='bbox 1163 621 1323 688; x_wconf 78' lang='lat' dir='ltr'><strong>permansit,</strong></span> <span class='ocrx_word' id='word_1_56' title='bbox 1346 627 1373 672; x_wconf 87' lang='lat' dir='ltr'><strong>ct</strong></span> <span class='ocrx_word' id='word_1_57' title='bbox 1390 618 1485 672; x_wconf 91' lang='lat' dir='ltr'><strong>arbitri</strong></span> <span class='ocrx_word' id='word_1_58' title='bbox 1501 617 1619 672; x_wconf 83' lang='lat' dir='ltr'><strong>familiae</strong></span> <span class='ocrx_word' id='word_1_59' title='bbox 1635 632 1663 671; x_wconf 89' lang='lat' dir='ltr'><strong>ei</strong></span> 
     </span>
     <span class='ocr_line' id='line_1_6' title="bbox 129 684 1663 756; baseline -0.002 -15"><span class='ocrx_word' id='word_1_60' title='bbox 129 695 255 744; x_wconf 87' lang='lat' dir='ltr'><strong>testatem</strong></span> <span class='ocrx_word' id='word_1_61' title='bbox 276 689 304 741; x_wconf 93' lang='lat' dir='ltr'><strong>in</strong></span> <span class='ocrx_word' id='word_1_62' title='bbox 327 689 393 756; x_wconf 91' lang='lat' dir='ltr'><strong>ipsis</strong></span> <span class='ocrx_word' id='word_1_63' title='bbox 416 695 506 742; x_wconf 87' lang='lat' dir='ltr'><strong>tamen</strong></span> <span class='ocrx_word' id='word_1_64' title='bbox 530 687 713 741; x_wconf 91' lang='lat' dir='ltr'><strong>tantummodo</strong></span> <span class='ocrx_word' id='word_1_65' title='bbox 731 688 852 756; x_wconf 82' lang='lat' dir='ltr'><strong>peculiis,</strong></span> <span class='ocrx_word' id='word_1_66' title='bbox 893 702 945 741; x_wconf 89' lang='lat' dir='ltr'><strong>uae</strong></span> <span class='ocrx_word' id='word_1_67' title='bbox 995 688 1085 742; x_wconf 85' lang='lat' dir='ltr'><strong>officie</strong></span> <span class='ocrx_word' id='word_1_68' title='bbox 1106 688 1235 756; x_wconf 84' lang='lat' dir='ltr'><strong>congruit,</strong></span> <span class='ocrx_word' id='word_1_69' title='bbox 1253 693 1284 740; x_wconf 97' lang='lat' dir='ltr'><strong>ut</strong></span> <span class='ocrx_word' id='word_1_70' title='bbox 1300 688 1349 741; x_wconf 89' lang='lat' dir='ltr'><strong>tibi</strong></span> <span class='ocrx_word' id='word_1_71' title='bbox 1367 692 1489 755; x_wconf 88' lang='lat' dir='ltr'><strong>quartam</strong></span> <span class='ocrx_word' id='word_1_72' title='bbox 1505 684 1613 740; x_wconf 84' lang='lat' dir='ltr'><strong>debitae</strong></span> <span class='ocrx_word' id='word_1_73' title='bbox 1629 684 1663 738; x_wconf 89' lang='lat' dir='ltr'><strong>ab</strong></span> 
     </span>
     <span class='ocr_line' id='line_1_7' title="bbox 129 752 1663 825; baseline -0.002 -16"><span class='ocrx_word' id='word_1_74' title='bbox 129 757 183 810; x_wconf 90' lang='lat' dir='ltr'><strong>iam</strong></span> <span class='ocrx_word' id='word_1_75' title='bbox 212 760 369 809; x_wconf 59' lang='lat' dir='ltr'><strong>enumeras</strong></span> <span class='ocrx_word' id='word_1_76' title='bbox 400 762 479 818; x_wconf 90' lang='lat' dir='ltr'><strong>sunt,</strong></span> <span class='ocrx_word' id='word_1_77' title='bbox 513 754 542 809; x_wconf 93' lang='lat' dir='ltr'><strong>id</strong></span> <span class='ocrx_word' id='word_1_78' title='bbox 567 762 609 809; x_wconf 88' lang='lat' dir='ltr'><strong>est</strong></span> <span class='ocrx_word' id='word_1_79' title='bbox 643 755 720 823; x_wconf 88' lang='lat' dir='ltr'><strong>quasi</strong></span> <span class='ocrx_word' id='word_1_80' title='bbox 754 757 884 809; x_wconf 89' lang='lat' dir='ltr'><strong>castrensi</strong></span> <span class='ocrx_word' id='word_1_81' title='bbox 904 771 945 809; x_wconf 89' lang='lat' dir='ltr'><strong>us.</strong></span> <span class='ocrx_word' id='word_1_82' title='bbox 996 755 1126 825; x_wconf 88' lang='lat' dir='ltr'><strong>portionis</strong></span> <span class='ocrx_word' id='word_1_83' title='bbox 1149 761 1268 823; x_wconf 84' lang='lat' dir='ltr'><strong>praestet</strong></span> <span class='ocrx_word' id='word_1_84' title='bbox 1290 754 1464 816; x_wconf 89' lang='lat' dir='ltr'><strong>incolumem,</strong></span> <span class='ocrx_word' id='word_1_85' title='bbox 1486 760 1535 807; x_wconf 91' lang='lat' dir='ltr'><strong>aut</strong></span> <span class='ocrx_word' id='word_1_86' title='bbox 1551 752 1663 821; x_wconf 81' lang='lat' dir='ltr'><strong>emanci1</strong></span> 
     </span>
     <span class='ocr_line' id='line_1_8' title="bbox 134 821 1663 905; baseline -0.001 -29"><span class='ocrx_word' id='word_1_87' title='bbox 134 834 163 877; x_wconf 89' lang='lat' dir='ltr'><strong>ic</strong></span> <span class='ocrx_word' id='word_1_88' title='bbox 197 824 250 905; x_wconf 72' lang='lat' dir='ltr'><strong>Sed</strong></span> <span class='ocrx_word' id='word_1_89' title='bbox 267 830 295 877; x_wconf 91' lang='lat' dir='ltr'><strong>et</strong></span> <span class='ocrx_word' id='word_1_90' title='bbox 309 823 437 903; x_wconf 75' lang='lat' dir='ltr'><strong>veterani,</strong></span> <span class='ocrx_word' id='word_1_91' title='bbox 454 822 500 890; x_wconf 89' lang='lat' dir='ltr'><strong>qui</strong></span> <span class='ocrx_word' id='word_1_92' title='bbox 513 830 634 903; x_wconf 83' lang='lat' dir='ltr'><strong>ternpore</strong></span> <span class='ocrx_word' id='word_1_93' title='bbox 649 823 755 891; x_wconf 82' lang='lat' dir='ltr'><strong>quidem</strong></span> <span class='ocrx_word' id='word_1_94' title='bbox 767 823 879 876; x_wconf 91' lang='lat' dir='ltr'><strong>militiae</strong></span> <span class='ocrx_word' id='word_1_95' title='bbox 894 823 946 876; x_wconf 87' lang='lat' dir='ltr'><strong>sibi</strong></span> <span class='ocrx_word' id='word_1_96' title='bbox 996 824 1045 883; x_wconf 89' lang='lat' dir='ltr'><strong>rit,</strong></span> <span class='ocrx_word' id='word_1_97' title='bbox 1068 830 1108 901; x_wconf 76' lang='lat' dir='ltr'><strong>ot,</strong></span> <span class='ocrx_word' id='word_1_98' title='bbox 1130 822 1195 901; x_wconf 81' lang='lat' dir='ltr'><strong>quia</strong></span> <span class='ocrx_word' id='word_1_99' title='bbox 1216 823 1325 903; x_wconf 80' lang='lat' dir='ltr'><strong>donatio</strong></span> <span class='ocrx_word' id='word_1_100' title='bbox 1346 822 1518 902; x_wconf 27' lang='lat' dir='ltr'><strong>nonnindiget</strong></span> <span class='ocrx_word' id='word_1_101' title='bbox 1535 821 1663 901; x_wconf 30' lang='lat' dir='ltr'><strong>alie-nonai</strong></span> 
     </span>
     <span class='ocr_line' id='line_1_9' title="bbox 131 890 1663 1038; baseline -0.003 -25"><span class='ocrx_word' id='word_1_102' title='bbox 131 890 946 1038; x_wconf 48' lang='lat' dir='ltr'><strong>rettulitretiulit..tlttlrtttttttlt</strong></span> <span class='ocrx_word' id='word_1_103' title='bbox 995 891 1663 1036; x_wconf 59' lang='lat' dir='ltr'><strong>tristitiis”litiulitutl&#39;lttlt</strong></span> 
     </span>
     <span class='ocr_line' id='line_1_10' title="bbox 130 1025 1651 1095; baseline -0.003 -14"><span class='ocrx_word' id='word_1_104' title='bbox 130 1027 173 1081; x_wconf 89' lang='lat' dir='ltr'><strong>bis</strong></span> <span class='ocrx_word' id='word_1_105' title='bbox 190 1026 281 1095; x_wconf 87' lang='lat' dir='ltr'><strong>itaque</strong></span> <span class='ocrx_word' id='word_1_106' title='bbox 299 1027 421 1080; x_wconf 91' lang='lat' dir='ltr'><strong>omnibus</strong></span> <span class='ocrx_word' id='word_1_107' title='bbox 458 1026 519 1080; x_wconf 89' lang='lat' dir='ltr'><strong>nasi</strong></span> <span class='ocrx_word' id='word_1_108' title='bbox 537 1027 718 1080; x_wconf 84' lang='lat' dir='ltr'><strong>castrensibus</strong></span> <span class='ocrx_word' id='word_1_109' title='bbox 739 1026 851 1095; x_wconf 90' lang='lat' dir='ltr'><strong>peculiis</strong></span> <span class='ocrx_word' id='word_1_110' title='bbox 868 1025 946 1079; x_wconf 91' lang='lat' dir='ltr'><strong>dubi·</strong></span> <span class='ocrx_word' id='word_1_111' title='bbox 997 1027 1080 1080; x_wconf 90' lang='lat' dir='ltr'><strong>rellae</strong></span> <span class='ocrx_word' id='word_1_112' title='bbox 1104 1027 1230 1079; x_wconf 85' lang='lat' dir='ltr'><strong>auxilium</strong></span> <span class='ocrx_word' id='word_1_113' title='bbox 1254 1027 1303 1079; x_wconf 92' lang='lat' dir='ltr'><strong>tibi</strong></span> <span class='ocrx_word' id='word_1_114' title='bbox 1332 1027 1478 1094; x_wconf 84' lang='lat' dir='ltr'><strong>aequitatis</strong></span> <span class='ocrx_word' id='word_1_115' title='bbox 1506 1029 1651 1092; x_wconf 88' lang='lat' dir='ltr'><strong>impertiet.</strong></span> 
     </span>
     <span class='ocr_line' id='line_1_11' title="bbox 131 1092 1630 1163; baseline -0.003 -14"><span class='ocrx_word' id='word_1_116' title='bbox 131 1095 253 1159; x_wconf 74' lang='lat' dir='ltr'><strong>labatur,</strong></span> <span class='ocrx_word' id='word_1_117' title='bbox 280 1093 304 1148; x_wconf 91' lang='lat' dir='ltr'><strong>si</strong></span> <span class='ocrx_word' id='word_1_118' title='bbox 330 1099 425 1148; x_wconf 90' lang='lat' dir='ltr'><strong>contra</strong></span> <span class='ocrx_word' id='word_1_119' title='bbox 470 1094 603 1148; x_wconf 91' lang='lat' dir='ltr'><strong>niusmodi</strong></span> <span class='ocrx_word' id='word_1_120' title='bbox 627 1099 787 1148; x_wconf 88' lang='lat' dir='ltr'><strong>testamenta</strong></span> <span class='ocrx_word' id='word_1_121' title='bbox 808 1092 841 1147; x_wconf 92' lang='lat' dir='ltr'><strong>de</strong></span> <span class='ocrx_word' id='word_1_122' title='bbox 858 1093 946 1147; x_wconf 85' lang='lat' dir='ltr'><strong>inniti·</strong></span> <span class='ocrx_word' id='word_1_123' title='bbox 997 1094 1023 1148; x_wconf 80' lang='grc' dir='ltr'><strong>ι.</strong></span> <span class='ocrx_word' id='word_1_124' title='bbox 1043 1098 1085 1148; x_wconf 81' lang='lat' dir='ltr'><strong>Au</strong></span> <span class='ocrx_word' id='word_1_125' title='bbox 1107 1095 1126 1146; x_wconf 56' lang='grc' dir='ltr'><strong>,θ</strong></span> <span class='ocrx_word' id='word_1_126' title='bbox 1143 1092 1269 1148; x_wconf 81' lang='lat' dir='ltr'><strong>Monimo</strong></span> <span class='ocrx_word' id='word_1_127' title='bbox 1288 1108 1315 1147; x_wconf 86' lang='lat'><strong>11</strong></span> <span class='ocrx_word' id='word_1_128' title='bbox 1331 1100 1358 1148; x_wconf 88' lang='lat' dir='ltr'><strong>et</strong></span> <span class='ocrx_word' id='word_1_129' title='bbox 1377 1092 1526 1163; x_wconf 65' lang='lat' dir='ltr'><strong>Glabuone</strong></span> <span class='ocrx_word' id='word_1_130' title='bbox 1542 1107 1630 1147; x_wconf 79' lang='lat' dir='ltr'><strong>conse</strong></span> 
     </span>
     <span class='ocr_line' id='line_1_12' title="bbox 135 1158 1660 1231; baseline -0.003 -14"><span class='ocrx_word' id='word_1_131' title='bbox 135 1168 164 1217; x_wconf 85' lang='lat' dir='ltr'><strong>ie</strong></span> <span class='ocrx_word' id='word_1_132' title='bbox 204 1162 277 1217; x_wconf 90' lang='lat' dir='ltr'><strong>cioso</strong></span> <span class='ocrx_word' id='word_1_133' title='bbox 310 1163 455 1229; x_wconf 89' lang='lat' dir='ltr'><strong>querellam</strong></span> <span class='ocrx_word' id='word_1_134' title='bbox 486 1161 594 1215; x_wconf 86' lang='lat' dir='ltr'><strong>extendi</strong></span> <span class='ocrx_word' id='word_1_135' title='bbox 620 1168 735 1229; x_wconf 84' lang='lat' dir='ltr'><strong>oportet.</strong></span> <span class='ocrx_word' id='word_1_136' title='bbox 781 1160 849 1215; x_wconf 89' lang='lat' dir='ltr'><strong>¹Sed</strong></span> <span class='ocrx_word' id='word_1_137' title='bbox 874 1162 948 1231; x_wconf 88' lang='lat' dir='ltr'><strong>prior</strong></span> <span class='ocrx_word' id='word_1_138' title='bbox 1033 1158 1051 1219; x_wconf 88' lang='grc'>3</span> <span class='ocrx_word' id='word_1_139' title='bbox 1088 1161 1147 1215; x_wconf 81' lang='lat' dir='ltr'><strong>dem</strong></span> <span class='ocrx_word' id='word_1_140' title='bbox 1165 1162 1222 1215; x_wconf 83' lang='grc' dir='ltr'><strong>ΛΑ.</strong></span> <span class='ocrx_word' id='word_1_141' title='bbox 1240 1162 1363 1215; x_wconf 82' lang='lat' dir='ltr'><strong>Aeliano.</strong></span> <span class='ocrx_word' id='word_1_142' title='bbox 1404 1160 1533 1214; x_wconf 78' lang='lat' dir='ltr'><strong>Precibus</strong></span> <span class='ocrx_word' id='word_1_143' title='bbox 1550 1159 1660 1228; x_wconf 88' lang='lat' dir='ltr'><strong>quidem</strong></span> 
     </span>
     <span class='ocr_line' id='line_1_13' title="bbox 132 1227 1637 1309; baseline -0.003 -24"><span class='ocrx_word' id='word_1_144' title='bbox 132 1230 255 1309; x_wconf 80' lang='lat' dir='ltr'><strong>quaestio</strong></span> <span class='ocrx_word' id='word_1_145' title='bbox 278 1234 348 1294; x_wconf 90' lang='lat' dir='ltr'><strong>erat,</strong></span> <span class='ocrx_word' id='word_1_146' title='bbox 372 1229 395 1281; x_wconf 91' lang='lat' dir='ltr'><strong>si</strong></span> <span class='ocrx_word' id='word_1_147' title='bbox 418 1244 510 1282; x_wconf 87' lang='lat' dir='ltr'><strong>omnes</strong></span> <span class='ocrx_word' id='word_1_148' title='bbox 533 1230 578 1297; x_wconf 91' lang='lat' dir='ltr'><strong>qni</strong></span> <span class='ocrx_word' id='word_1_149' title='bbox 602 1229 680 1298; x_wconf 88' lang='lat' dir='ltr'><strong>quusi</strong></span> <span class='ocrx_word' id='word_1_150' title='bbox 703 1236 840 1283; x_wconf 88' lang='lat' dir='ltr'><strong>castrense</strong></span> <span class='ocrx_word' id='word_1_151' title='bbox 865 1244 947 1298; x_wconf 90' lang='lat' dir='ltr'><strong>pecu·</strong></span> <span class='ocrx_word' id='word_1_152' title='bbox 997 1229 1087 1298; x_wconf 89' lang='lat' dir='ltr'><strong>posita</strong></span> <span class='ocrx_word' id='word_1_153' title='bbox 1113 1230 1244 1296; x_wconf 89' lang='lat' dir='ltr'><strong>rescripta</strong></span> <span class='ocrx_word' id='word_1_154' title='bbox 1270 1245 1316 1282; x_wconf 90' lang='lat' dir='ltr'><strong>eos</strong></span> <span class='ocrx_word' id='word_1_155' title='bbox 1343 1232 1469 1297; x_wconf 87' lang='lat' dir='ltr'><strong>parentes</strong></span> <span class='ocrx_word' id='word_1_156' title='bbox 1496 1227 1637 1294; x_wconf 90' lang='lat' dir='ltr'><strong>denotant,</strong></span> 
     </span>
     <span class='ocr_line' id='line_1_14' title="bbox 132 1295 1647 1366; baseline -0.002 -15"><span class='ocrx_word' id='word_1_157' title='bbox 132 1299 198 1352; x_wconf 91' lang='lat' dir='ltr'><strong>lium</strong></span> <span class='ocrx_word' id='word_1_158' title='bbox 220 1297 322 1351; x_wconf 91' lang='lat' dir='ltr'><strong>habent</strong></span> <span class='ocrx_word' id='word_1_159' title='bbox 339 1297 433 1350; x_wconf 88' lang='lat' dir='ltr'><strong>testari</strong></span> <span class='ocrx_word' id='word_1_160' title='bbox 450 1298 478 1349; x_wconf 90' lang='lat' dir='ltr'><strong>in</strong></span> <span class='ocrx_word' id='word_1_161' title='bbox 495 1296 548 1349; x_wconf 93' lang='lat' dir='ltr'><strong>boc</strong></span> <span class='ocrx_word' id='word_1_162' title='bbox 565 1297 683 1364; x_wconf 80' lang='lat' dir='ltr'><strong>possint,</strong></span> <span class='ocrx_word' id='word_1_163' title='bbox 707 1298 768 1366; x_wconf 90' lang='lat' dir='ltr'><strong>quia</strong></span> <span class='ocrx_word' id='word_1_164' title='bbox 792 1313 845 1350; x_wconf 93' lang='lat' dir='ltr'><strong>non</strong></span> <span class='ocrx_word' id='word_1_165' title='bbox 864 1297 948 1351; x_wconf 92' lang='lat' dir='ltr'><strong>omui·</strong></span> <span class='ocrx_word' id='word_1_166' title='bbox 998 1301 1159 1352; x_wconf 86' lang='lat' dir='ltr'><strong>testamento</strong></span> <span class='ocrx_word' id='word_1_167' title='bbox 1181 1296 1254 1349; x_wconf 83' lang='lat' dir='ltr'><strong>lacto</strong></span> <span class='ocrx_word' id='word_1_168' title='bbox 1278 1297 1329 1350; x_wconf 89' lang='lat' dir='ltr'><strong>vivi</strong></span> <span class='ocrx_word' id='word_1_169' title='bbox 1351 1295 1540 1364; x_wconf 89' lang='lat' dir='ltr'><strong>patrimonium</strong></span> <span class='ocrx_word' id='word_1_170' title='bbox 1567 1311 1647 1349; x_wconf 90' lang='lat' dir='ltr'><strong>suum</strong></span> 
     </span>
     <span class='ocr_line' id='line_1_15' title="bbox 133 1363 1661 1434; baseline -0.001 -15"><span class='ocrx_word' id='word_1_171' title='bbox 133 1367 184 1420; x_wconf 91' lang='lat' dir='ltr'><strong>bus</strong></span> <span class='ocrx_word' id='word_1_172' title='bbox 204 1365 319 1434; x_wconf 88' lang='lat' dir='ltr'><strong>passim,</strong></span> <span class='ocrx_word' id='word_1_173' title='bbox 344 1364 391 1417; x_wconf 87' lang='lat' dir='ltr'><strong>sed</strong></span> <span class='ocrx_word' id='word_1_174' title='bbox 414 1363 574 1432; x_wconf 88' lang='lat' dir='ltr'><strong>quibusdam</strong></span> <span class='ocrx_word' id='word_1_175' title='bbox 595 1365 717 1433; x_wconf 88' lang='lat' dir='ltr'><strong>personis</strong></span> <span class='ocrx_word' id='word_1_176' title='bbox 740 1364 793 1418; x_wconf 90' lang='lat' dir='ltr'><strong>boc</strong></span> <span class='ocrx_word' id='word_1_177' title='bbox 818 1364 949 1432; x_wconf 82' lang='lat' dir='ltr'><strong>privilegii</strong></span> <span class='ocrx_word' id='word_1_178' title='bbox 999 1365 1188 1421; x_wconf 83' lang='lat' dir='ltr'><strong>donationibus</strong></span> <span class='ocrx_word' id='word_1_179' title='bbox 1217 1365 1412 1427; x_wconf 72' lang='grc' dir='ltr'>ιιίιιιιιίιιιιιι,</span> <span class='ocrx_word' id='word_1_180' title='bbox 1440 1364 1537 1417; x_wconf 70' lang='lat' dir='ltr'><strong>⁹inuria</strong></span> <span class='ocrx_word' id='word_1_181' title='bbox 1562 1378 1661 1418; x_wconf 89' lang='lat' dir='ltr'><strong>nomeu</strong></span> 
     </span>
     <span class='ocr_line' id='line_1_16' title="bbox 131 1431 1663 1501; baseline -0.001 -14"><span class='ocrx_word' id='word_1_182' title='bbox 131 1435 192 1489; x_wconf 90' lang='lat' dir='ltr'><strong>loco</strong></span> <span class='ocrx_word' id='word_1_183' title='bbox 217 1448 373 1487; x_wconf 72' lang='lat' dir='ltr'><strong>contusum</strong></span> <span class='ocrx_word' id='word_1_184' title='bbox 397 1440 449 1486; x_wconf 88' lang='lat' dir='ltr'><strong>est:</strong></span> <span class='ocrx_word' id='word_1_185' title='bbox 473 1433 555 1499; x_wconf 86' lang='lat' dir='ltr'><strong>quia²</strong></span> <span class='ocrx_word' id='word_1_186' title='bbox 577 1432 707 1485; x_wconf 87' lang='lat' dir='ltr'><strong>militibus</strong></span> <span class='ocrx_word' id='word_1_187' title='bbox 731 1432 838 1501; x_wconf 88' lang='lat' dir='ltr'><strong>quidem</strong></span> <span class='ocrx_word' id='word_1_188' title='bbox 861 1440 888 1484; x_wconf 92' lang='lat' dir='ltr'><strong>et</strong></span> <span class='ocrx_word' id='word_1_189' title='bbox 904 1446 948 1484; x_wconf 90' lang='lat' dir='ltr'><strong>ve·</strong></span> <span class='ocrx_word' id='word_1_190' title='bbox 999 1432 1089 1487; x_wconf 88' lang='lat' dir='ltr'><strong>liberis</strong></span> <span class='ocrx_word' id='word_1_191' title='bbox 1106 1432 1286 1500; x_wconf 85' lang='lat' dir='ltr'><strong>reliquissent.</strong></span> <span class='ocrx_word' id='word_1_192' title='bbox 1322 1432 1369 1487; x_wconf 89' lang='lat' dir='ltr'><strong>aed</strong></span> <span class='ocrx_word' id='word_1_193' title='bbox 1387 1432 1422 1486; x_wconf 90' lang='lat' dir='ltr'><strong>ad</strong></span> <span class='ocrx_word' id='word_1_194' title='bbox 1438 1431 1583 1487; x_wconf 84' lang='lat' dir='ltr'><strong>intestatos</strong></span> <span class='ocrx_word' id='word_1_195' title='bbox 1615 1446 1663 1500; x_wconf 85' lang='lat' dir='ltr'><strong>uoq</strong></span> 
     </span>
     <span class='ocr_line' id='line_1_17' title="bbox 131 1498 1660 1569; baseline -0.001 -14"><span class='ocrx_word' id='word_1_196' title='bbox 131 1500 234 1555; x_wconf 86' lang='lat' dir='ltr'><strong>terauis</strong></span> <span class='ocrx_word' id='word_1_197' title='bbox 257 1502 420 1554; x_wconf 86' lang='lat' dir='ltr'><strong>testamenta</strong></span> <span class='ocrx_word' id='word_1_198' title='bbox 442 1500 532 1553; x_wconf 86' lang='lat' dir='ltr'><strong>iacere</strong></span> <span class='ocrx_word' id='word_1_199' title='bbox 549 1500 578 1552; x_wconf 92' lang='lat' dir='ltr'><strong>in</strong></span> <span class='ocrx_word' id='word_1_200' title='bbox 595 1501 728 1553; x_wconf 87' lang='lat' dir='ltr'><strong>castrensi</strong></span> <span class='ocrx_word' id='word_1_201' title='bbox 745 1500 852 1567; x_wconf 88' lang='lat' dir='ltr'><strong>peculio</strong></span> <span class='ocrx_word' id='word_1_202' title='bbox 870 1499 948 1553; x_wconf 89' lang='lat' dir='ltr'><strong>undi-</strong></span> <span class='ocrx_word' id='word_1_203' title='bbox 998 1501 1068 1555; x_wconf 91' lang='lat' dir='ltr'><strong>ratio</strong></span> <span class='ocrx_word' id='word_1_204' title='bbox 1085 1501 1229 1569; x_wconf 89' lang='lat' dir='ltr'><strong>aequitatis</strong></span> <span class='ocrx_word' id='word_1_205' title='bbox 1246 1500 1406 1554; x_wconf 67' lang='lat' dir='ltr'><strong>extendunt.</strong></span> <span class='ocrx_word' id='word_1_206' title='bbox 1442 1498 1533 1553; x_wconf 65' lang='lat' dir='ltr'><strong>Par</strong></span> <span class='ocrx_word' id='word_1_207' title='bbox 1547 1498 1575 1553; x_wconf 80' lang='lat' dir='ltr'><strong>lc.</strong></span> <span class='ocrx_word' id='word_1_208' title='bbox 1620 1514 1660 1554; x_wconf 84' lang='lat' dir='ltr'><strong>on.</strong></span> 
     </span>
     <span class='ocr_line' id='line_1_18' title="bbox 133 1567 1263 1637; baseline 0.002 -16"><span class='ocrx_word' id='word_1_209' title='bbox 133 1585 185 1637; x_wconf 89' lang='lat' dir='ltr'><strong>que</strong></span> <span class='ocrx_word' id='word_1_210' title='bbox 203 1584 359 1623; x_wconf 90' lang='lat' dir='ltr'><strong>concessum</strong></span> <span class='ocrx_word' id='word_1_211' title='bbox 378 1568 480 1627; x_wconf 86' lang='lat' dir='ltr'><strong>iuerat,</strong></span> <span class='ocrx_word' id='word_1_212' title='bbox 504 1567 551 1620; x_wconf 90' lang='lat' dir='ltr'><strong>sed</strong></span> <span class='ocrx_word' id='word_1_213' title='bbox 572 1567 701 1621; x_wconf 88' lang='lat' dir='ltr'><strong>militibus</strong></span> <span class='ocrx_word' id='word_1_214' title='bbox 725 1567 831 1636; x_wconf 89' lang='lat' dir='ltr'><strong>quidem</strong></span> <span class='ocrx_word' id='word_1_215' title='bbox 854 1567 882 1620; x_wconf 91' lang='lat' dir='ltr'><strong>in</strong></span> <span class='ocrx_word' id='word_1_216' title='bbox 902 1582 948 1620; x_wconf 88' lang='lat' dir='ltr'><strong>ex·</strong></span> <span class='ocrx_word' id='word_1_217' title='bbox 999 1575 1026 1622; x_wconf 87' lang='lat' dir='ltr'><strong>et</strong></span> <span class='ocrx_word' id='word_1_218' title='bbox 1043 1582 1084 1622; x_wconf 85' lang='lat'><strong>111</strong></span> <span class='ocrx_word' id='word_1_219' title='bbox 1099 1569 1156 1623; x_wconf 79' lang='grc' dir='ltr'><strong>ΑΛ.</strong></span> <span class='ocrx_word' id='word_1_220' title='bbox 1174 1584 1263 1624; x_wconf 85' lang='lat' dir='ltr'><strong>conss.</strong></span> 
     </span>
     <span class='ocr_line' id='line_1_19' title="bbox 133 1633 1662 1706; baseline -0.001 -17"><span class='ocrx_word' id='word_1_221' title='bbox 133 1636 268 1705; x_wconf 87' lang='lat' dir='ltr'><strong>peditioue</strong></span> <span class='ocrx_word' id='word_1_222' title='bbox 292 1636 445 1689; x_wconf 77' lang='lat' dir='ltr'><strong>consututis</strong></span> <span class='ocrx_word' id='word_1_223' title='bbox 467 1636 526 1688; x_wconf 91' lang='lat' dir='ltr'><strong>iure</strong></span> <span class='ocrx_word' id='word_1_224' title='bbox 544 1651 607 1699; x_wconf 90' lang='lat' dir='ltr'><strong>suo,</strong></span> <span class='ocrx_word' id='word_1_225' title='bbox 631 1635 767 1689; x_wconf 89' lang='lat' dir='ltr'><strong>veteranis</strong></span> <span class='ocrx_word' id='word_1_226' title='bbox 784 1642 873 1688; x_wconf 90' lang='lat' dir='ltr'><strong>autem</strong></span> <span class='ocrx_word' id='word_1_227' title='bbox 890 1635 949 1688; x_wconf 93' lang='lat' dir='ltr'><strong>iure</strong></span> <span class='ocrx_word' id='word_1_228' title='bbox 1034 1634 1157 1706; x_wconf 79' lang='lat' dir='ltr'><strong>4¹⁰lnip</strong></span> <span class='ocrx_word' id='word_1_229' title='bbox 1180 1678 1185 1689; x_wconf 94' lang='lat'><strong>.</strong></span> <span class='ocrx_word' id='word_1_230' title='bbox 1208 1634 1398 1691; x_wconf 79' lang='lat' dir='ltr'><strong>Diocletianus</strong></span> <span class='ocrx_word' id='word_1_231' title='bbox 1420 1642 1448 1689; x_wconf 85' lang='lat' dir='ltr'><strong>et</strong></span> <span class='ocrx_word' id='word_1_232' title='bbox 1470 1633 1662 1690; x_wconf 72' lang='lat' dir='ltr'><strong>Marinianio</strong></span> 
     </span>
     <span class='ocr_line' id='line_1_20' title="bbox 133 1702 1663 1771; baseline -0.001 -14"><span class='ocrx_word' id='word_1_233' title='bbox 133 1702 280 1759; x_wconf 90' lang='lat' dir='ltr'><strong>communi:</strong></span> <span class='ocrx_word' id='word_1_234' title='bbox 308 1703 341 1756; x_wconf 94' lang='lat' dir='ltr'><strong>de</strong></span> <span class='ocrx_word' id='word_1_235' title='bbox 366 1703 426 1757; x_wconf 87' lang='lat' dir='ltr'><strong>aliis</strong></span> <span class='ocrx_word' id='word_1_236' title='bbox 453 1710 543 1756; x_wconf 91' lang='lat' dir='ltr'><strong>autem</strong></span> <span class='ocrx_word' id='word_1_237' title='bbox 568 1703 691 1771; x_wconf 89' lang='lat' dir='ltr'><strong>personis</strong></span> <span class='ocrx_word' id='word_1_238' title='bbox 717 1703 853 1769; x_wconf 88' lang='lat' dir='ltr'><strong>omnibns,</strong></span> <span class='ocrx_word' id='word_1_239' title='bbox 880 1717 950 1770; x_wconf 86' lang='lat' dir='ltr'><strong>quae</strong></span> <span class='ocrx_word' id='word_1_240' title='bbox 1010 1703 1119 1758; x_wconf 80' lang='grc' dir='ltr'>ιιινιιίιι</span> <span class='ocrx_word' id='word_1_241' title='bbox 1180 1704 1361 1758; x_wconf 51' lang='lat' dir='ltr'><strong>&#39;sirmiam</strong></span> <span class='ocrx_word' id='word_1_242' title='bbox 1398 1702 1427 1756; x_wconf 88' lang='lat' dir='ltr'><strong>Si</strong></span> <span class='ocrx_word' id='word_1_243' title='bbox 1444 1702 1516 1756; x_wconf 88' lang='lat' dir='ltr'><strong>filius</strong></span> <span class='ocrx_word' id='word_1_244' title='bbox 1539 1706 1603 1756; x_wconf 92' lang='lat' dir='ltr'><strong>tuus</strong></span> <span class='ocrx_word' id='word_1_245' title='bbox 1624 1702 1663 1755; x_wconf 82' lang='lat' dir='ltr'><strong>im:</strong></span> 
     </span>
     <span class='ocr_line' id='line_1_21' title="bbox 132 1722 1654 1852; baseline -0.001 -27"><span class='ocrx_word' id='word_1_246' title='bbox 132 1787 189 1825; x_wconf 89' lang='lat' dir='ltr'><strong>nou</strong></span> <span class='ocrx_word' id='word_1_247' title='bbox 204 1787 253 1838; x_wconf 91' lang='lat' dir='ltr'><strong>per</strong></span> <span class='ocrx_word' id='word_1_248' title='bbox 271 1770 388 1852; x_wconf 85' lang='lat' dir='ltr'><strong>speciale</strong></span> <span class='ocrx_word' id='word_1_249' title='bbox 405 1771 483 1838; x_wconf 87' lang='lat' dir='ltr'><strong>priiil</strong></span> <span class='ocrx_word' id='word_1_250' title='bbox 518 1771 571 1824; x_wconf 88' lang='lat' dir='ltr'><strong>’uin</strong></span> <span class='ocrx_word' id='word_1_251' title='bbox 587 1770 641 1825; x_wconf 90' lang='lat' dir='ltr'><strong>boc</strong></span> <span class='ocrx_word' id='word_1_252' title='bbox 657 1778 828 1839; x_wconf 86' lang='lat' dir='ltr'><strong>acceperunt,</strong></span> <span class='ocrx_word' id='word_1_253' title='bbox 846 1770 869 1823; x_wconf 90' lang='lat' dir='ltr'><strong>si</strong></span> <span class='ocrx_word' id='word_1_254' title='bbox 886 1785 949 1839; x_wconf 92' lang='lat' dir='ltr'><strong>pos·</strong></span> <span class='ocrx_word' id='word_1_255' title='bbox 997 1722 1168 1825; x_wconf 65' lang='lat' dir='ltr'><strong>liberalitatis</strong></span> <span class='ocrx_word' id='word_1_256' title='bbox 1194 1771 1324 1825; x_wconf 83' lang='lat' dir='ltr'><strong>effusione</strong></span> <span class='ocrx_word' id='word_1_257' title='bbox 1354 1771 1544 1840; x_wconf 86' lang='lat' dir='ltr'><strong>patrimonium</strong></span> <span class='ocrx_word' id='word_1_258' title='bbox 1575 1786 1654 1824; x_wconf 89' lang='lat' dir='ltr'><strong>suuni</strong></span> 
     </span>
     <span class='ocr_line' id='line_1_22' title="bbox 133 1837 1663 1919; baseline -0.002 -27"><span class='ocrx_word' id='word_1_259' title='bbox 133 1840 188 1892; x_wconf 91' lang='lat' dir='ltr'><strong>sint</strong></span> <span class='ocrx_word' id='word_1_260' title='bbox 204 1844 306 1902; x_wconf 84' lang='lat' dir='ltr'><strong>testari,</strong></span> <span class='ocrx_word' id='word_1_261' title='bbox 333 1837 484 1894; x_wconf 88' lang='lat' dir='ltr'><strong>dubitatum</strong></span> <span class='ocrx_word' id='word_1_262' title='bbox 514 1844 598 1898; x_wconf 82' lang='grc' dir='ltr'>ιιιιι,</span> <span class='ocrx_word' id='word_1_263' title='bbox 616 1845 648 1891; x_wconf 93' lang='lat' dir='ltr'><strong>ut</strong></span> <span class='ocrx_word' id='word_1_264' title='bbox 664 1843 732 1907; x_wconf 89' lang='lat' dir='ltr'><strong>puta</strong></span> <span class='ocrx_word' id='word_1_265' title='bbox 748 1839 811 1892; x_wconf 88' lang='lat' dir='ltr'><strong>viris</strong></span> <span class='ocrx_word' id='word_1_266' title='bbox 828 1838 948 1892; x_wconf 85' lang='lat' dir='ltr'><strong>disertis·</strong></span> <span class='ocrx_word' id='word_1_267' title='bbox 999 1838 1130 1908; x_wconf 89' lang='lat' dir='ltr'><strong>praesidis</strong></span> <span class='ocrx_word' id='word_1_268' title='bbox 1146 1839 1302 1919; x_wconf 86' lang='lat' dir='ltr'><strong>provinciae</strong></span> <span class='ocrx_word' id='word_1_269' title='bbox 1319 1839 1419 1893; x_wconf 83' lang='lat' dir='ltr'><strong>auxilio</strong></span> <span class='ocrx_word' id='word_1_270' title='bbox 1437 1838 1536 1903; x_wconf 72' lang='lat' dir='ltr'><strong>utens,</strong></span> <span class='ocrx_word' id='word_1_271' title='bbox 1559 1837 1605 1904; x_wconf 89' lang='lat' dir='ltr'><strong>qui</strong></span> <span class='ocrx_word' id='word_1_272' title='bbox 1623 1837 1663 1891; x_wconf 88' lang='lat' dir='ltr'><strong>dis</strong></span> 
     </span>
     <span class='ocr_line' id='line_1_23' title="bbox 133 1905 1663 1974; baseline -0.001 -13"><span class='ocrx_word' id='word_1_273' title='bbox 133 1906 207 1961; x_wconf 88' lang='lat' dir='ltr'><strong>simis</strong></span> <span class='ocrx_word' id='word_1_274' title='bbox 249 1905 352 1961; x_wconf 89' lang='lat' dir='ltr'><strong>atronis</strong></span> <span class='ocrx_word' id='word_1_275' title='bbox 375 1920 519 1959; x_wconf 90' lang='lat' dir='ltr'><strong>causarum</strong></span> <span class='ocrx_word' id='word_1_276' title='bbox 546 1905 661 1974; x_wconf 79' lang='lat' dir='ltr'><strong>virisque</strong></span> <span class='ocrx_word' id='word_1_277' title='bbox 687 1905 863 1960; x_wconf 85' lang='lat' dir='ltr'><strong>devotissimis</strong></span> <span class='ocrx_word' id='word_1_278' title='bbox 892 1920 948 1960; x_wconf 87' lang='lat' dir='ltr'><strong>me·</strong></span> <span class='ocrx_word' id='word_1_279' title='bbox 999 1906 1069 1973; x_wconf 88' lang='lat' dir='ltr'><strong>veri,</strong></span> <span class='ocrx_word' id='word_1_280' title='bbox 1096 1905 1120 1960; x_wconf 91' lang='lat' dir='ltr'><strong>si</strong></span> <span class='ocrx_word' id='word_1_281' title='bbox 1144 1923 1173 1961; x_wconf 92' lang='lat' dir='ltr'><strong>m</strong></span> <span class='ocrx_word' id='word_1_282' title='bbox 1198 1908 1331 1974; x_wconf 85' lang='lat' dir='ltr'><strong>integrum</strong></span> <span class='ocrx_word' id='word_1_283' title='bbox 1354 1906 1549 1960; x_wconf 88' lang='lat' dir='ltr'><strong>restitutionem</strong></span> <span class='ocrx_word' id='word_1_284' title='bbox 1572 1921 1607 1959; x_wconf 85' lang='lat' dir='ltr'><strong>ex</strong></span> <span class='ocrx_word' id='word_1_285' title='bbox 1627 1905 1663 1959; x_wconf 86' lang='lat' dir='ltr'><strong>fili</strong></span> 
     </span>
     <span class='ocr_line' id='line_1_24' title="bbox 132 1923 1663 2053; baseline -0.001 -26"><span class='ocrx_word' id='word_1_286' title='bbox 132 1923 288 2028; x_wconf 58' lang='lat' dir='ltr'><strong>morialipbns</strong></span> <span class='ocrx_word' id='word_1_287' title='bbox 312 1980 341 2053; x_wconf 80' lang='lat' dir='ltr'><strong>et</strong></span> <span class='ocrx_word' id='word_1_288' title='bbox 397 1974 503 2052; x_wconf 76' lang='lat' dir='ltr'><strong>entibus</strong></span> <span class='ocrx_word' id='word_1_289' title='bbox 526 1974 563 2053; x_wconf 42' lang='lat' dir='ltr'><strong>in·</strong></span> <span class='ocrx_word' id='word_1_290' title='bbox 577 1974 658 2053; x_wconf 85' lang='lat' dir='ltr'><strong>rebus</strong></span> <span class='ocrx_word' id='word_1_291' title='bbox 675 1989 727 2027; x_wconf 89' lang='lat' dir='ltr'><strong>nee</strong></span> <span class='ocrx_word' id='word_1_292' title='bbox 744 1988 799 2027; x_wconf 92' lang='lat' dir='ltr'><strong>nou</strong></span> <span class='ocrx_word' id='word_1_293' title='bbox 816 1973 949 2052; x_wconf 73' lang='lat' dir='ltr'><strong>magistus</strong></span> <span class='ocrx_word' id='word_1_294' title='bbox 1001 1980 1152 2043; x_wconf 87' lang='lat' dir='ltr'><strong>competere</strong></span> <span class='ocrx_word' id='word_1_295' title='bbox 1174 1974 1225 2029; x_wconf 91' lang='lat' dir='ltr'><strong>tibi</strong></span> <span class='ocrx_word' id='word_1_296' title='bbox 1248 1975 1282 2030; x_wconf 92' lang='lat' dir='ltr'><strong>ob</strong></span> <span class='ocrx_word' id='word_1_297' title='bbox 1304 1974 1507 2044; x_wconf 88' lang='lat' dir='ltr'><strong>improbabilem</strong></span> <span class='ocrx_word' id='word_1_298' title='bbox 1530 1972 1663 2053; x_wconf 77' lang='lat' dir='ltr'><strong>donationi</strong></span> 
     </span>
     <span class='ocr_line' id='line_1_25' title="bbox 133 2040 1644 2110; baseline -0.001 -13"><span class='ocrx_word' id='word_1_299' title='bbox 133 2042 283 2097; x_wconf 88' lang='lat' dir='ltr'><strong>studiorum</strong></span> <span class='ocrx_word' id='word_1_300' title='bbox 300 2040 353 2094; x_wconf 91' lang='lat' dir='ltr'><strong>libe</strong></span> <span class='ocrx_word' id='word_1_301' title='bbox 405 2056 464 2105; x_wconf 89' lang='lat' dir='ltr'><strong>uin,</strong></span> <span class='ocrx_word' id='word_1_302' title='bbox 488 2041 631 2095; x_wconf 74' lang='lat' dir='ltr'><strong>arematris</strong></span> <span class='ocrx_word' id='word_1_303' title='bbox 657 2057 763 2110; x_wconf 88' lang='lat' dir='ltr'><strong>quoque</strong></span> <span class='ocrx_word' id='word_1_304' title='bbox 781 2048 809 2094; x_wconf 91' lang='lat' dir='ltr'><strong>et</strong></span> <span class='ocrx_word' id='word_1_305' title='bbox 826 2042 950 2095; x_wconf 90' lang='lat' dir='ltr'><strong>omnibus</strong></span> <span class='ocrx_word' id='word_1_306' title='bbox 1000 2047 1084 2097; x_wconf 89' lang='lat' dir='ltr'><strong>tatem</strong></span> <span class='ocrx_word' id='word_1_307' title='bbox 1108 2042 1336 2108; x_wconf 79' lang='lat' dir='ltr'><strong>animaduerterit,</strong></span> <span class='ocrx_word' id='word_1_308' title='bbox 1359 2044 1387 2096; x_wconf 93' lang='lat' dir='ltr'><strong>in</strong></span> <span class='ocrx_word' id='word_1_309' title='bbox 1410 2040 1577 2097; x_wconf 89' lang='lat' dir='ltr'><strong>removendis</strong></span> <span class='ocrx_word' id='word_1_310' title='bbox 1601 2041 1644 2095; x_wconf 92' lang='lat' dir='ltr'><strong>his</strong></span> 
     </span>
     <span class='ocr_line' id='line_1_26' title="bbox 134 2108 1663 2180; baseline -0.003 -15"><span class='ocrx_word' id='word_1_311' title='bbox 134 2110 254 2173; x_wconf 87' lang='lat' dir='ltr'><strong>omniuo,</strong></span> <span class='ocrx_word' id='word_1_312' title='bbox 273 2109 320 2177; x_wconf 91' lang='lat' dir='ltr'><strong>qui</strong></span> <span class='ocrx_word' id='word_1_313' title='bbox 336 2109 436 2163; x_wconf 72' lang='lat' dir='ltr'><strong>sebna</strong></span> <span class='ocrx_word' id='word_1_314' title='bbox 453 2109 494 2163; x_wconf 86' lang='lat' dir='ltr'><strong>rel</strong></span> <span class='ocrx_word' id='word_1_315' title='bbox 512 2109 646 2177; x_wconf 87' lang='lat' dir='ltr'><strong>stipendia</strong></span> <span class='ocrx_word' id='word_1_316' title='bbox 663 2109 816 2177; x_wconf 87' lang='lat' dir='ltr'><strong>percipiunt</strong></span> <span class='ocrx_word' id='word_1_317' title='bbox 832 2108 949 2177; x_wconf 88' lang='lat' dir='ltr'><strong>publica.</strong></span> <span class='ocrx_word' id='word_1_318' title='bbox 1000 2124 1092 2180; x_wconf 88' lang='lat' dir='ltr'><strong>peram</strong></span> <span class='ocrx_word' id='word_1_319' title='bbox 1115 2115 1192 2178; x_wconf 87' lang='lat' dir='ltr'><strong>gesta</strong></span> <span class='ocrx_word' id='word_1_320' title='bbox 1215 2116 1279 2165; x_wconf 90' lang='lat' dir='ltr'><strong>sunt</strong></span> <span class='ocrx_word' id='word_1_321' title='bbox 1300 2111 1350 2164; x_wconf 93' lang='lat' dir='ltr'><strong>tibi</strong></span> <span class='ocrx_word' id='word_1_322' title='bbox 1371 2109 1519 2165; x_wconf 83' lang='lat' dir='ltr'><strong>subveniet.</strong></span> <span class='ocrx_word' id='word_1_323' title='bbox 1559 2108 1663 2177; x_wconf 88' lang='lat' dir='ltr'><strong>ideoqni</strong></span> 
     </span>
     <span class='ocr_line' id='line_1_27' title="bbox 136 2175 1663 2250; baseline -0.001 -19"><span class='ocrx_word' id='word_1_324' title='bbox 136 2178 172 2246; x_wconf 80' lang='lat' dir='ltr'><strong>tf</strong></span> <span class='ocrx_word' id='word_1_325' title='bbox 184 2183 221 2241; x_wconf 83' lang='lat' dir='ltr'><strong>(l)</strong></span> <span class='ocrx_word' id='word_1_326' title='bbox 251 2176 288 2250; x_wconf 88' lang='grc' dir='ltr'><strong>ΙΙιι</strong></span> <span class='ocrx_word' id='word_1_327' title='bbox 313 2177 355 2230; x_wconf 91' lang='lat' dir='ltr'><strong>bis</strong></span> <span class='ocrx_word' id='word_1_328' title='bbox 380 2178 472 2244; x_wconf 88' lang='lat' dir='ltr'><strong>itaque</strong></span> <span class='ocrx_word' id='word_1_329' title='bbox 498 2176 622 2231; x_wconf 88' lang='lat' dir='ltr'><strong>omnibus</strong></span> <span class='ocrx_word' id='word_1_330' title='bbox 652 2178 799 2239; x_wconf 88' lang='lat' dir='ltr'><strong>sancimus,</strong></span> <span class='ocrx_word' id='word_1_331' title='bbox 825 2177 890 2245; x_wconf 88' lang='lat' dir='ltr'><strong>quia</strong></span> <span class='ocrx_word' id='word_1_332' title='bbox 915 2175 951 2229; x_wconf 91' lang='lat' dir='ltr'><strong>ad</strong></span> <span class='ocrx_word' id='word_1_333' title='bbox 1000 2178 1050 2232; x_wconf 89' lang='lat' dir='ltr'><strong>tibi</strong></span> <span class='ocrx_word' id='word_1_334' title='bbox 1084 2179 1266 2232; x_wconf 87' lang='lat' dir='ltr'><strong>necessarium</strong></span> <span class='ocrx_word' id='word_1_335' title='bbox 1300 2179 1428 2232; x_wconf 86' lang='lat' dir='ltr'><strong>adversus</strong></span> <span class='ocrx_word' id='word_1_336' title='bbox 1462 2175 1619 2231; x_wconf 90' lang='lat' dir='ltr'><strong>immodicas</strong></span> <span class='ocrx_word' id='word_1_337' title='bbox 1654 2192 1663 2230; x_wconf 80' lang='lat' dir='ltr'><strong>r</strong></span> 
     </span>
     <span class='ocr_line' id='line_1_28' title="bbox 133 2243 1663 2313; baseline -0.001 -14"><span class='ocrx_word' id='word_1_338' title='bbox 133 2244 308 2299; x_wconf 89' lang='lat' dir='ltr'><strong>imitationem</strong></span> <span class='ocrx_word' id='word_1_339' title='bbox 330 2244 430 2313; x_wconf 87' lang='lat' dir='ltr'><strong>peculii</strong></span> <span class='ocrx_word' id='word_1_340' title='bbox 453 2245 597 2298; x_wconf 88' lang='lat' dir='ltr'><strong>castrensis</strong></span> <span class='ocrx_word' id='word_1_341' title='bbox 621 2246 696 2312; x_wconf 85' lang='lat' dir='ltr'><strong>quari</strong></span> <span class='ocrx_word' id='word_1_342' title='bbox 714 2252 852 2299; x_wconf 79' lang='grc' dir='ltr'>ιιιιιιιιιι</span> <span class='ocrx_word' id='word_1_343' title='bbox 867 2258 950 2313; x_wconf 86' lang='lat' dir='ltr'><strong>pecu·</strong></span> <span class='ocrx_word' id='word_1_344' title='bbox 1001 2246 1128 2299; x_wconf 83' lang='lat' dir='ltr'><strong>auxilium</strong></span> <span class='ocrx_word' id='word_1_345' title='bbox 1138 2246 1171 2299; x_wconf 92' lang='lat' dir='ltr'><strong>ad</strong></span> <span class='ocrx_word' id='word_1_346' title='bbox 1181 2246 1267 2300; x_wconf 89' lang='lat' dir='ltr'><strong>instar</strong></span> <span class='ocrx_word' id='word_1_347' title='bbox 1275 2246 1418 2300; x_wconf 85' lang='lat' dir='ltr'><strong>inofficiosi</strong></span> <span class='ocrx_word' id='word_1_348' title='bbox 1426 2244 1587 2300; x_wconf 88' lang='lat' dir='ltr'><strong>testamenti.</strong></span> <span class='ocrx_word' id='word_1_349' title='bbox 1614 2243 1663 2298; x_wconf 81' lang='grc' dir='ltr'><strong>ΡΡ</strong></span> 
     </span>
     <span class='ocr_line' id='line_1_29' title="bbox 133 2311 1663 2383; baseline -0.001 -16"><span class='ocrx_word' id='word_1_350' title='bbox 133 2313 201 2367; x_wconf 89' lang='lat' dir='ltr'><strong>lium</strong></span> <span class='ocrx_word' id='word_1_351' title='bbox 218 2313 379 2381; x_wconf 89' lang='lat' dir='ltr'><strong>supervenit,</strong></span> <span class='ocrx_word' id='word_1_352' title='bbox 398 2312 547 2375; x_wconf 82' lang='lat' dir='ltr'><strong>omnibus³,</strong></span> <span class='ocrx_word' id='word_1_353' title='bbox 570 2313 614 2381; x_wconf 92' lang='lat' dir='ltr'><strong>qui</strong></span> <span class='ocrx_word' id='word_1_354' title='bbox 635 2313 690 2366; x_wconf 88' lang='lat' dir='ltr'><strong>tale</strong></span> <span class='ocrx_word' id='word_1_355' title='bbox 710 2312 847 2381; x_wconf 91' lang='lat' dir='ltr'><strong>peculium</strong></span> <span class='ocrx_word' id='word_1_356' title='bbox 863 2312 950 2380; x_wconf 89' lang='lat' dir='ltr'><strong>possi·</strong></span> <span class='ocrx_word' id='word_1_357' title='bbox 1002 2311 1663 2383; x_wconf 67' lang='lat' dir='ltr'><strong>Febr.llierliolani”lilanirnorretriquilinoeon</strong></span> 
     </span>
     <span class='ocr_line' id='line_1_30' title="bbox 135 2378 1663 2449; baseline -0.002 -15"><span class='ocrx_word' id='word_1_358' title='bbox 135 2381 207 2444; x_wconf 91' lang='lat' dir='ltr'><strong>dent,</strong></span> <span class='ocrx_word' id='word_1_359' title='bbox 234 2395 315 2449; x_wconf 89' lang='lat' dir='ltr'><strong>super</strong></span> <span class='ocrx_word' id='word_1_360' title='bbox 340 2379 406 2447; x_wconf 89' lang='lat' dir='ltr'><strong>ipsis</strong></span> <span class='ocrx_word' id='word_1_361' title='bbox 439 2382 624 2435; x_wconf 90' lang='lat' dir='ltr'><strong>tantummodo</strong></span> <span class='ocrx_word' id='word_1_362' title='bbox 649 2380 746 2444; x_wconf 88' lang='lat' dir='ltr'><strong>rebus,</strong></span> <span class='ocrx_word' id='word_1_363' title='bbox 778 2394 848 2449; x_wconf 88' lang='lat' dir='ltr'><strong>quae</strong></span> <span class='ocrx_word' id='word_1_364' title='bbox 874 2379 952 2449; x_wconf 87' lang='lat' dir='ltr'><strong>qnasi</strong></span> <span class='ocrx_word' id='word_1_365' title='bbox 1035 2378 1148 2437; x_wconf 79' lang='lat' dir='ltr'><strong>tluen</strong></span> <span class='ocrx_word' id='word_1_366' title='bbox 1174 2383 1230 2434; x_wconf 80' lang='grc' dir='ltr'><strong>ΛΑ.</strong></span> <span class='ocrx_word' id='word_1_367' title='bbox 1257 2380 1393 2436; x_wconf 84' lang='lat' dir='ltr'><strong>Cottubeo.</strong></span> <span class='ocrx_word' id='word_1_368' title='bbox 1434 2381 1462 2434; x_wconf 90' lang='lat' dir='ltr'><strong>Si</strong></span> <span class='ocrx_word' id='word_1_369' title='bbox 1486 2384 1559 2434; x_wconf 83' lang='lat' dir='ltr'><strong>totas</strong></span> <span class='ocrx_word' id='word_1_370' title='bbox 1583 2379 1663 2434; x_wconf 76' lang='lat' dir='ltr'><strong>iacmt</strong></span> 
     </span>
     <span class='ocr_line' id='line_1_31' title="bbox 135 2447 1663 2518; baseline -0.002 -14"><span class='ocrx_word' id='word_1_371' title='bbox 135 2447 281 2506; x_wconf 86' lang='lat' dir='ltr'><strong>castrensis</strong></span> <span class='ocrx_word' id='word_1_372' title='bbox 302 2447 402 2517; x_wconf 88' lang='lat' dir='ltr'><strong>peculii</strong></span> <span class='ocrx_word' id='word_1_373' title='bbox 427 2453 503 2510; x_wconf 88' lang='lat' dir='ltr'><strong>suut,</strong></span> <span class='ocrx_word' id='word_1_374' title='bbox 531 2447 625 2501; x_wconf 88' lang='lat' dir='ltr'><strong>ultima</strong></span> <span class='ocrx_word' id='word_1_375' title='bbox 653 2447 768 2502; x_wconf 87' lang='lat' dir='ltr'><strong>condere</strong></span> <span class='ocrx_word' id='word_1_376' title='bbox 795 2447 951 2512; x_wconf 88' lang='lat' dir='ltr'><strong>(secundum</strong></span> <span class='ocrx_word' id='word_1_377' title='bbox 1001 2463 1050 2518; x_wconf 92' lang='lat' dir='ltr'><strong>per</strong></span> <span class='ocrx_word' id='word_1_378' title='bbox 1075 2448 1234 2503; x_wconf 89' lang='lat' dir='ltr'><strong>donationes</strong></span> <span class='ocrx_word' id='word_1_379' title='bbox 1259 2448 1446 2513; x_wconf 82' lang='lat' dir='ltr'><strong>vacuefecisti,</strong></span> <span class='ocrx_word' id='word_1_380' title='bbox 1480 2463 1547 2516; x_wconf 88' lang='lat' dir='ltr'><strong>quas</strong></span> <span class='ocrx_word' id='word_1_381' title='bbox 1579 2448 1606 2502; x_wconf 92' lang='lat' dir='ltr'><strong>in</strong></span> <span class='ocrx_word' id='word_1_382' title='bbox 1632 2463 1663 2502; x_wconf 90' lang='lat' dir='ltr'><strong>en</strong></span> 
     </span>
     <span class='ocr_line' id='line_1_32' title="bbox 134 2514 1654 2584; baseline -0.001 -13"><span class='ocrx_word' id='word_1_383' title='bbox 134 2517 208 2584; x_wconf 88' lang='lat' dir='ltr'><strong>leges</strong></span> <span class='ocrx_word' id='word_1_384' title='bbox 224 2521 325 2579; x_wconf 91' lang='lat' dir='ltr'><strong>tamen)</strong></span> <span class='ocrx_word' id='word_1_385' title='bbox 342 2529 424 2584; x_wconf 90' lang='lat' dir='ltr'><strong>posse</strong></span> <span class='ocrx_word' id='word_1_386' title='bbox 440 2515 541 2583; x_wconf 90' lang='lat' dir='ltr'><strong>elogia:</strong></span> <span class='ocrx_word' id='word_1_387' title='bbox 567 2516 618 2570; x_wconf 88' lang='lat' dir='ltr'><strong>boe</strong></span> <span class='ocrx_word' id='word_1_388' title='bbox 640 2516 723 2570; x_wconf 89' lang='lat' dir='ltr'><strong>nihilo</strong></span> <span class='ocrx_word' id='word_1_389' title='bbox 740 2515 829 2569; x_wconf 91' lang='lat' dir='ltr'><strong>minus</strong></span> <span class='ocrx_word' id='word_1_390' title='bbox 847 2517 885 2569; x_wconf 86' lang='lat' dir='ltr'><strong>eis</strong></span> <span class='ocrx_word' id='word_1_391' title='bbox 903 2514 950 2567; x_wconf 93' lang='lat' dir='ltr'><strong>ad·</strong></span> <span class='ocrx_word' id='word_1_392' title='bbox 1000 2517 1070 2569; x_wconf 88' lang='lat' dir='ltr'><strong>tilios</strong></span> <span class='ocrx_word' id='word_1_393' title='bbox 1090 2517 1239 2583; x_wconf 87' lang='lat' dir='ltr'><strong>contulisti,</strong></span> <span class='ocrx_word' id='word_1_394' title='bbox 1260 2517 1297 2582; x_wconf 89' lang='lat' dir='ltr'><strong>id,</strong></span> <span class='ocrx_word' id='word_1_395' title='bbox 1316 2517 1387 2584; x_wconf 88' lang='lat' dir='ltr'><strong>quod</strong></span> <span class='ocrx_word' id='word_1_396' title='bbox 1405 2516 1440 2569; x_wconf 90' lang='lat' dir='ltr'><strong>ad</strong></span> <span class='ocrx_word' id='word_1_397' title='bbox 1458 2515 1654 2571; x_wconf 88' lang='lat' dir='ltr'><strong>submovendas</strong></span> 
     </span>
     <span class='ocr_line' id='line_1_33' title="bbox 134 2582 1663 2653; baseline -0.001 -15"><span class='ocrx_word' id='word_1_398' title='bbox 134 2584 192 2638; x_wconf 86' lang='lat' dir='ltr'><strong>dito</strong></span> <span class='ocrx_word' id='word_1_399' title='bbox 209 2583 354 2652; x_wconf 86' lang='lat' dir='ltr'><strong>privilegio,</strong></span> <span class='ocrx_word' id='word_1_400' title='bbox 373 2590 405 2636; x_wconf 90' lang='lat' dir='ltr'><strong>ut</strong></span> <span class='ocrx_word' id='word_1_401' title='bbox 421 2597 509 2651; x_wconf 90' lang='lat' dir='ltr'><strong>neque</strong></span> <span class='ocrx_word' id='word_1_402' title='bbox 525 2597 618 2637; x_wconf 87' lang='lat' dir='ltr'><strong>eorum</strong></span> <span class='ocrx_word' id='word_1_403' title='bbox 634 2588 798 2638; x_wconf 90' lang='lat' dir='ltr'><strong>testamenta</strong></span> <span class='ocrx_word' id='word_1_404' title='bbox 814 2583 848 2637; x_wconf 91' lang='lat' dir='ltr'><strong>de</strong></span> <span class='ocrx_word' id='word_1_405' title='bbox 861 2582 951 2637; x_wconf 87' lang='lat' dir='ltr'><strong>iuoifi·</strong></span> <span class='ocrx_word' id='word_1_406' title='bbox 1001 2586 1155 2639; x_wconf 87' lang='lat' dir='ltr'><strong>testamenti</strong></span> <span class='ocrx_word' id='word_1_407' title='bbox 1173 2586 1305 2653; x_wconf 87' lang='lat' dir='ltr'><strong>querellas</strong></span> <span class='ocrx_word' id='word_1_408' title='bbox 1323 2599 1379 2638; x_wconf 92' lang='lat' dir='ltr'><strong>non</strong></span> <span class='ocrx_word' id='word_1_409' title='bbox 1395 2583 1508 2651; x_wconf 75' lang='lat' dir='ltr'><strong>ingredi</strong></span> <span class='ocrx_word' id='word_1_410' title='bbox 1525 2583 1616 2637; x_wconf 90' lang='lat' dir='ltr'><strong>liberis</strong></span> <span class='ocrx_word' id='word_1_411' title='bbox 1635 2599 1663 2637; x_wconf 89' lang='lat' dir='ltr'><strong>re</strong></span> 
     </span>
     <span class='ocr_line' id='line_1_34' title="bbox 137 2650 1663 2719; baseline -0.001 -14"><span class='ocrx_word' id='word_1_412' title='bbox 137 2657 150 2704; x_wconf 91' lang='lat' dir='ltr'><strong>t</strong></span> <span class='ocrx_word' id='word_1_413' title='bbox 206 2653 280 2705; x_wconf 88' lang='lat' dir='ltr'><strong>eioso</strong></span> <span class='ocrx_word' id='word_1_414' title='bbox 302 2650 422 2719; x_wconf 87' lang='lat' dir='ltr'><strong>querella</strong></span> <span class='ocrx_word' id='word_1_415' title='bbox 445 2658 639 2718; x_wconf 78' lang='lat' dir='ltr'><strong>expugnentur.</strong></span> <span class='ocrx_word' id='word_1_416' title='bbox 682 2651 712 2705; x_wconf 88' lang='lat' dir='ltr'><strong>Si</strong></span> <span class='ocrx_word' id='word_1_417' title='bbox 732 2651 803 2706; x_wconf 88' lang='lat' dir='ltr'><strong>enim</strong></span> <span class='ocrx_word' id='word_1_418' title='bbox 819 2659 951 2719; x_wconf 89' lang='lat' dir='ltr'><strong>patronus</strong></span> <span class='ocrx_word' id='word_1_419' title='bbox 1003 2667 1078 2706; x_wconf 88' lang='lat' dir='ltr'><strong>cesse</strong></span> <span class='ocrx_word' id='word_1_420' title='bbox 1100 2657 1155 2717; x_wconf 91' lang='lat' dir='ltr'><strong>est,</strong></span> <span class='ocrx_word' id='word_1_421' title='bbox 1178 2669 1211 2706; x_wconf 89' lang='lat' dir='ltr'><strong>ex</strong></span> <span class='ocrx_word' id='word_1_422' title='bbox 1234 2652 1316 2707; x_wconf 88' lang='lat' dir='ltr'><strong>iactis</strong></span> <span class='ocrx_word' id='word_1_423' title='bbox 1333 2652 1524 2706; x_wconf 87' lang='lat' dir='ltr'><strong>donationibus</strong></span> <span class='ocrx_word' id='word_1_424' title='bbox 1542 2650 1663 2705; x_wconf 86' lang='lat' dir='ltr'><strong>detractu</strong></span> 
     </span>
     <span class='ocr_line' id='line_1_35' title="bbox 170 2717 1663 2797; baseline -0.001 -25"><span class='ocrx_word' id='word_1_425' title='bbox 170 2733 263 2774; x_wconf 87' lang='lat' dir='ltr'><strong>vorsus</strong></span> <span class='ocrx_word' id='word_1_426' title='bbox 280 2734 339 2781; x_wconf 89' lang='lat' dir='ltr'><strong>res,</strong></span> <span class='ocrx_word' id='word_1_427' title='bbox 361 2733 429 2797; x_wconf 86' lang='lat' dir='ltr'><strong>quas</strong></span> <span class='ocrx_word' id='word_1_428' title='bbox 449 2717 562 2773; x_wconf 90' lang='lat' dir='ltr'><strong>libertus</strong></span> <span class='ocrx_word' id='word_1_429' title='bbox 580 2720 638 2772; x_wconf 80' lang='grc' dir='ltr'>ιιιιι</span> <span class='ocrx_word' id='word_1_430' title='bbox 656 2734 689 2773; x_wconf 91' lang='lat' dir='ltr'><strong>ex</strong></span> <span class='ocrx_word' id='word_1_431' title='bbox 707 2719 804 2773; x_wconf 71' lang='lat' dir='ltr'><strong>caenis</strong></span> <span class='ocrx_word' id='word_1_432' title='bbox 821 2719 952 2788; x_wconf 89' lang='lat' dir='ltr'><strong>quaesivit</strong></span> <span class='ocrx_word' id='word_1_433' title='bbox 1001 2718 1043 2773; x_wconf 88' lang='lat' dir='ltr'><strong>vel</strong></span> <span class='ocrx_word' id='word_1_434' title='bbox 1059 2724 1180 2788; x_wconf 87' lang='lat' dir='ltr'><strong>nepotes,</strong></span> <span class='ocrx_word' id='word_1_435' title='bbox 1198 2721 1244 2789; x_wconf 91' lang='lat' dir='ltr'><strong>qui</strong></span> <span class='ocrx_word' id='word_1_436' title='bbox 1261 2726 1357 2790; x_wconf 90' lang='lat' dir='ltr'><strong>postea</strong></span> <span class='ocrx_word' id='word_1_437' title='bbox 1370 2736 1404 2773; x_wconf 88' lang='lat' dir='ltr'><strong>ex</strong></span> <span class='ocrx_word' id='word_1_438' title='bbox 1418 2732 1586 2788; x_wconf 87' lang='lat' dir='ltr'><strong>quocumque</strong></span> <span class='ocrx_word' id='word_1_439' title='bbox 1598 2718 1663 2787; x_wconf 83' lang='lat' dir='ltr'><strong>legit</strong></span> 
     </span>
     <span class='ocr_line' id='line_1_36' title="bbox 136 2785 1663 2855; baseline -0.001 -14"><span class='ocrx_word' id='word_1_440' title='bbox 136 2785 179 2841; x_wconf 88' lang='lat' dir='ltr'><strong>sui</strong></span> <span class='ocrx_word' id='word_1_441' title='bbox 194 2786 262 2841; x_wconf 88' lang='lat' dir='ltr'><strong>iuria</strong></span> <span class='ocrx_word' id='word_1_442' title='bbox 278 2785 462 2840; x_wconf 79' lang='lat' dir='ltr'><strong>indubitanter</strong></span> <span class='ocrx_word' id='word_1_443' title='bbox 480 2786 657 2852; x_wconf 72' lang='lat' dir='ltr'><strong>consulatus,</strong></span> <span class='ocrx_word' id='word_1_444' title='bbox 676 2785 856 2855; x_wconf 80' lang='lat' dir='ltr'><strong>⁴praeteritus</strong></span> <span class='ocrx_word' id='word_1_445' title='bbox 869 2786 952 2840; x_wconf 87' lang='lat' dir='ltr'><strong>inerit</strong></span> <span class='ocrx_word' id='word_1_446' title='bbox 1002 2788 1090 2841; x_wconf 92' lang='lat' dir='ltr'><strong>monio</strong></span> <span class='ocrx_word' id='word_1_447' title='bbox 1114 2789 1172 2841; x_wconf 92' lang='lat' dir='ltr'><strong>nati</strong></span> <span class='ocrx_word' id='word_1_448' title='bbox 1195 2792 1271 2855; x_wconf 93' lang='lat' dir='ltr'><strong>sunt,</strong></span> <span class='ocrx_word' id='word_1_449' title='bbox 1294 2788 1413 2842; x_wconf 88' lang='lat' dir='ltr'><strong>debitum</strong></span> <span class='ocrx_word' id='word_1_450' title='bbox 1435 2787 1566 2841; x_wconf 91' lang='lat' dir='ltr'><strong>bonorum</strong></span> <span class='ocrx_word' id='word_1_451' title='bbox 1584 2787 1663 2840; x_wconf 89' lang='lat' dir='ltr'><strong>subsi</strong></span> 
     </span>
     <span class='ocr_line' id='line_1_37' title="bbox 135 2853 1663 2933; baseline -0.001 -24"><span class='ocrx_word' id='word_1_452' title='bbox 135 2855 172 2910; x_wconf 90' lang='lat' dir='ltr'><strong>ab</strong></span> <span class='ocrx_word' id='word_1_453' title='bbox 188 2854 295 2922; x_wconf 89' lang='lat' dir='ltr'><strong>ingrato</strong></span> <span class='ocrx_word' id='word_1_454' title='bbox 311 2853 422 2917; x_wconf 87' lang='lat' dir='ltr'><strong>liberte,</strong></span> <span class='ocrx_word' id='word_1_455' title='bbox 447 2858 537 2908; x_wconf 91' lang='lat' dir='ltr'><strong>tamen</strong></span> <span class='ocrx_word' id='word_1_456' title='bbox 555 2857 651 2908; x_wconf 74' lang='lat' dir='ltr'><strong>cenna</strong></span> <span class='ocrx_word' id='word_1_457' title='bbox 667 2853 798 2909; x_wconf 77' lang='lat' dir='ltr'><strong>cimmodi</strong></span> <span class='ocrx_word' id='word_1_458' title='bbox 834 2854 952 2908; x_wconf 88' lang='lat' dir='ltr'><strong>eculium</strong></span> <span class='ocrx_word' id='word_1_459' title='bbox 1002 2859 1157 2923; x_wconf 87' lang='lat' dir='ltr'><strong>sequantur,</strong></span> <span class='ocrx_word' id='word_1_460' title='bbox 1175 2857 1209 2909; x_wconf 92' lang='lat' dir='ltr'><strong>ad</strong></span> <span class='ocrx_word' id='word_1_461' title='bbox 1226 2856 1416 2933; x_wconf 84' lang='lat' dir='ltr'><strong>patrimonium</strong></span> <span class='ocrx_word' id='word_1_462' title='bbox 1432 2859 1509 2908; x_wconf 90' lang='lat' dir='ltr'><strong>tuum</strong></span> <span class='ocrx_word' id='word_1_463' title='bbox 1527 2861 1663 2908; x_wconf 77' lang='grc' dir='ltr'>ιιιιιιιιιι</span> 
     </span>
     <span class='ocr_line' id='line_1_38' title="bbox 136 2921 1615 2994; baseline -0.001 -17"><span class='ocrx_word' id='word_1_464' title='bbox 136 2927 232 2977; x_wconf 92' lang='lat' dir='ltr'><strong>contra</strong></span> <span class='ocrx_word' id='word_1_465' title='bbox 248 2921 356 2976; x_wconf 84' lang='lat' dir='ltr'><strong>tabulas</strong></span> <span class='ocrx_word' id='word_1_466' title='bbox 373 2921 506 2975; x_wconf 90' lang='lat' dir='ltr'><strong>bonorum</strong></span> <span class='ocrx_word' id='word_1_467' title='bbox 524 2923 721 2989; x_wconf 66' lang='lat' dir='ltr'><strong>maurisionem</strong></span> <span class='ocrx_word' id='word_1_468' title='bbox 738 2937 793 2977; x_wconf 93' lang='lat' dir='ltr'><strong>non</strong></span> <span class='ocrx_word' id='word_1_469' title='bbox 846 2921 893 2975; x_wconf 92' lang='lat' dir='ltr'><strong>bet</strong></span> <span class='ocrx_word' id='word_1_470' title='bbox 908 2936 951 2975; x_wconf 92' lang='lat' dir='ltr'><strong>se·</strong></span> <span class='ocrx_word' id='word_1_471' title='bbox 1002 2921 1028 2976; x_wconf 84' lang='lat' dir='ltr'><strong>lc.</strong></span> <span class='ocrx_word' id='word_1_472' title='bbox 1047 2921 1130 2977; x_wconf 84' lang='lat' dir='ltr'><strong>Mart.</strong></span> <span class='ocrx_word' id='word_1_473' title='bbox 1150 2921 1276 2978; x_wconf 79' lang='lat' dir='ltr'><strong>Maeuio</strong></span> <span class='ocrx_word' id='word_1_474' title='bbox 1294 2938 1323 2977; x_wconf 88' lang='grc' dir='ltr'><strong>ιι</strong></span> <span class='ocrx_word' id='word_1_475' title='bbox 1337 2930 1366 2978; x_wconf 85' lang='lat' dir='ltr'><strong>et</strong></span> <span class='ocrx_word' id='word_1_476' title='bbox 1380 2922 1510 2994; x_wconf 79' lang='lat' dir='ltr'><strong>Aquilino</strong></span> <span class='ocrx_word' id='word_1_477' title='bbox 1528 2937 1615 2977; x_wconf 84' lang='lat' dir='ltr'><strong>conss.</strong></span> 
     </span>
     <span class='ocr_line' id='line_1_39' title="bbox 136 2988 1664 3058; baseline -0.001 -14"><span class='ocrx_word' id='word_1_478' title='bbox 136 2989 254 3044; x_wconf 89' lang='lat' dir='ltr'><strong>cundum</strong></span> <span class='ocrx_word' id='word_1_479' title='bbox 271 2995 390 3043; x_wconf 89' lang='lat' dir='ltr'><strong>veterum</strong></span> <span class='ocrx_word' id='word_1_480' title='bbox 415 2988 502 3057; x_wconf 90' lang='lat' dir='ltr'><strong>legum</strong></span> <span class='ocrx_word' id='word_1_481' title='bbox 527 2990 707 3052; x_wconf 90' lang='lat' dir='ltr'><strong>sanctionem,</strong></span> <span class='ocrx_word' id='word_1_482' title='bbox 730 2989 952 3058; x_wconf 87' lang='lat' dir='ltr'><strong>quemadmodum</strong></span> <span class='ocrx_word' id='word_1_483' title='bbox 1037 2988 1151 3047; x_wconf 76' lang='lat' dir='ltr'><strong>bidem</strong></span> <span class='ocrx_word' id='word_1_484' title='bbox 1174 2994 1232 3044; x_wconf 81' lang='grc' dir='ltr'><strong>ΑΑ.</strong></span> <span class='ocrx_word' id='word_1_485' title='bbox 1252 2990 1449 3046; x_wconf 83' lang='lat' dir='ltr'><strong>llenietiianue.</strong></span> <span class='ocrx_word' id='word_1_486' title='bbox 1492 2989 1559 3043; x_wconf 87' lang='lat' dir='ltr'><strong>Cum</strong></span> <span class='ocrx_word' id='word_1_487' title='bbox 1582 2989 1664 3044; x_wconf 90' lang='lat' dir='ltr'><strong>donat</strong></span> 
     </span>
     <span class='ocr_line' id='line_1_40' title="bbox 136 3056 1653 3126; baseline 0.001 -16"><span class='ocrx_word' id='word_1_488' title='bbox 136 3061 245 3126; x_wconf 82' lang='lat' dir='ltr'><strong>oportet</strong></span> <span class='ocrx_word' id='word_1_489' title='bbox 261 3056 386 3125; x_wconf 87' lang='lat' dir='ltr'><strong>praefata</strong></span> <span class='ocrx_word' id='word_1_490' title='bbox 402 3056 523 3125; x_wconf 88' lang='lat' dir='ltr'><strong>peculia,</strong></span> <span class='ocrx_word' id='word_1_491' title='bbox 546 3071 616 3126; x_wconf 89' lang='lat' dir='ltr'><strong>quae</strong></span> <span class='ocrx_word' id='word_1_492' title='bbox 638 3057 673 3111; x_wconf 89' lang='lat' dir='ltr'><strong>ad</strong></span> <span class='ocrx_word' id='word_1_493' title='bbox 696 3058 783 3111; x_wconf 77' lang='lat' dir='ltr'><strong>mutar</strong></span> <span class='ocrx_word' id='word_1_494' title='bbox 806 3057 952 3111; x_wconf 83' lang='grc' dir='ltr'>ιιιιιιιιιίι</span> <span class='ocrx_word' id='word_1_495' title='bbox 1002 3057 1112 3111; x_wconf 83' lang='lat' dir='ltr'><strong>fratrem</strong></span> <span class='ocrx_word' id='word_1_496' title='bbox 1130 3064 1206 3112; x_wconf 92' lang='lat' dir='ltr'><strong>tuum</strong></span> <span class='ocrx_word' id='word_1_497' title='bbox 1224 3059 1328 3114; x_wconf 81' lang='grc' dir='ltr'>ιοΙΙιιίι</span> <span class='ocrx_word' id='word_1_498' title='bbox 1344 3058 1488 3113; x_wconf 70' lang='lat' dir='ltr'><strong>iaculatus</strong></span> <span class='ocrx_word' id='word_1_499' title='bbox 1505 3058 1591 3126; x_wconf 90' lang='lat' dir='ltr'><strong>patris</strong></span> <span class='ocrx_word' id='word_1_500' title='bbox 1611 3058 1653 3111; x_wconf 91' lang='lat' dir='ltr'><strong>tui</strong></span> 
     </span>
     <span class='ocr_line' id='line_1_41' title="bbox 135 3123 1659 3196; baseline 0 -18"><span class='ocrx_word' id='word_1_501' title='bbox 135 3125 234 3195; x_wconf 88' lang='lat' dir='ltr'><strong>peculii</strong></span> <span class='ocrx_word' id='word_1_502' title='bbox 251 3123 405 3178; x_wconf 89' lang='lat' dir='ltr'><strong>introducta</strong></span> <span class='ocrx_word' id='word_1_503' title='bbox 422 3130 498 3189; x_wconf 86' lang='lat' dir='ltr'><strong>suut,</strong></span> <span class='ocrx_word' id='word_1_504' title='bbox 522 3123 556 3178; x_wconf 87' lang='lat' dir='ltr'><strong>de</strong></span> <span class='ocrx_word' id='word_1_505' title='bbox 572 3124 723 3180; x_wconf 84' lang='lat' dir='ltr'><strong>inofficioso</strong></span> <span class='ocrx_word' id='word_1_506' title='bbox 741 3125 876 3194; x_wconf 88' lang='lat' dir='ltr'><strong>querellae</strong></span> <span class='ocrx_word' id='word_1_507' title='bbox 893 3139 953 3179; x_wconf 89' lang='lat' dir='ltr'><strong>esse</strong></span> <span class='ocrx_word' id='word_1_508' title='bbox 1002 3140 1062 3179; x_wconf 89' lang='lat' dir='ltr'><strong>esse</strong></span> <span class='ocrx_word' id='word_1_509' title='bbox 1084 3126 1249 3195; x_wconf 89' lang='lat' dir='ltr'><strong>eundemque</strong></span> <span class='ocrx_word' id='word_1_510' title='bbox 1270 3130 1374 3196; x_wconf 89' lang='lat' dir='ltr'><strong>patrem</strong></span> <span class='ocrx_word' id='word_1_511' title='bbox 1395 3130 1513 3181; x_wconf 88' lang='lat' dir='ltr'><strong>vestrum</strong></span> <span class='ocrx_word' id='word_1_512' title='bbox 1535 3139 1568 3178; x_wconf 88' lang='lat' dir='ltr'><strong>ea</strong></span> <span class='ocrx_word' id='word_1_513' title='bbox 1589 3140 1659 3195; x_wconf 91' lang='lat' dir='ltr'><strong>qnae</strong></span> 
     </span>
     <span class='ocr_line' id='line_1_42' title="bbox 137 3191 1663 3261; baseline 0 -15"><span class='ocrx_word' id='word_1_514' title='bbox 137 3200 152 3246; x_wconf 80' lang='grc' dir='ltr'><strong>ι</strong></span> <span class='ocrx_word' id='word_1_515' title='bbox 187 3191 348 3261; x_wconf 79' lang='lat' dir='ltr'><strong>supposita?</strong></span> <span class='ocrx_word' id='word_1_516' title='bbox 387 3191 441 3246; x_wconf 86' lang='lat' dir='ltr'><strong>Sed</strong></span> <span class='ocrx_word' id='word_1_517' title='bbox 457 3192 525 3247; x_wconf 89' lang='lat' dir='ltr'><strong>haec</strong></span> <span class='ocrx_word' id='word_1_518' title='bbox 542 3192 663 3247; x_wconf 89' lang='lat' dir='ltr'><strong>obtinere</strong></span> <span class='ocrx_word' id='word_1_519' title='bbox 682 3198 797 3260; x_wconf 84' lang='lat' dir='ltr'><strong>oportet,</strong></span> <span class='ocrx_word' id='word_1_520' title='bbox 822 3192 907 3247; x_wconf 87' lang='lat' dir='ltr'><strong>donee</strong></span> <span class='ocrx_word' id='word_1_521' title='bbox 924 3192 952 3245; x_wconf 90' lang='lat' dir='ltr'><strong>iri</strong></span> <span class='ocrx_word' id='word_1_522' title='bbox 1003 3197 1065 3247; x_wconf 91' lang='lat' dir='ltr'><strong>rant</strong></span> <span class='ocrx_word' id='word_1_523' title='bbox 1083 3194 1210 3249; x_wconf 89' lang='lat' dir='ltr'><strong>codicillis</strong></span> <span class='ocrx_word' id='word_1_524' title='bbox 1228 3195 1362 3249; x_wconf 85' lang='lat' dir='ltr'><strong>intervos</strong></span> <span class='ocrx_word' id='word_1_525' title='bbox 1381 3193 1501 3248; x_wconf 88' lang='lat' dir='ltr'><strong>divisisse</strong></span> <span class='ocrx_word' id='word_1_526' title='bbox 1518 3209 1568 3261; x_wconf 88' lang='lat' dir='ltr'><strong>pro</strong></span> <span class='ocrx_word' id='word_1_527' title='bbox 1606 3208 1663 3257; x_wconf 85' lang='lat' dir='ltr'><strong>uas,</strong></span> 
     </span>
     <span class='ocr_line' id='line_1_43' title="bbox 137 3259 1663 3343; baseline 0 -28"><span class='ocrx_word' id='word_1_528' title='bbox 137 3261 222 3315; x_wconf 70' lang='lat' dir='ltr'><strong>moris</strong></span> <span class='ocrx_word' id='word_1_529' title='bbox 240 3264 380 3329; x_wconf 84' lang='lat' dir='ltr'><strong>pareutum</strong></span> <span class='ocrx_word' id='word_1_530' title='bbox 398 3275 508 3314; x_wconf 90' lang='lat' dir='ltr'><strong>suorum</strong></span> <span class='ocrx_word' id='word_1_531' title='bbox 526 3259 666 3314; x_wconf 73' lang='lat' dir='ltr'><strong>conentuti</strong></span> <span class='ocrx_word' id='word_1_532' title='bbox 688 3266 751 3314; x_wconf 91' lang='lat' dir='ltr'><strong>suut</strong></span> <span class='ocrx_word' id='word_1_533' title='bbox 767 3259 796 3313; x_wconf 90' lang='lat' dir='ltr'><strong>lii</strong></span> <span class='ocrx_word' id='word_1_534' title='bbox 812 3260 859 3329; x_wconf 87' lang='lat' dir='ltr'><strong>qui</strong></span> <span class='ocrx_word' id='word_1_535' title='bbox 876 3260 953 3340; x_wconf 89' lang='lat' dir='ltr'><strong>quasi</strong></span> <span class='ocrx_word' id='word_1_536' title='bbox 1003 3264 1087 3314; x_wconf 89' lang='lat' dir='ltr'><strong>tatem</strong></span> <span class='ocrx_word' id='word_1_537' title='bbox 1110 3262 1168 3316; x_wconf 89' lang='lat' dir='ltr'><strong>eius</strong></span> <span class='ocrx_word' id='word_1_538' title='bbox 1189 3278 1245 3316; x_wconf 92' lang='lat' dir='ltr'><strong>non</strong></span> <span class='ocrx_word' id='word_1_539' title='bbox 1268 3262 1400 3343; x_wconf 80' lang='lat' dir='ltr'><strong>agnovisti</strong></span> <span class='ocrx_word' id='word_1_540' title='bbox 1422 3276 1474 3315; x_wconf 90' lang='lat' dir='ltr'><strong>uec</strong></span> <span class='ocrx_word' id='word_1_541' title='bbox 1496 3261 1548 3314; x_wconf 93' lang='lat' dir='ltr'><strong>ben</strong></span> <span class='ocrx_word' id='word_1_542' title='bbox 1585 3262 1663 3316; x_wconf 89' lang='lat' dir='ltr'><strong>eiua</strong></span> 
     </span>
     <span class='ocr_line' id='line_1_44' title="bbox 138 3327 1663 3399; baseline -0.001 -16"><span class='ocrx_word' id='word_1_543' title='bbox 138 3334 276 3384; x_wconf 73' lang='lat' dir='ltr'><strong>oestreuse</strong></span> <span class='ocrx_word' id='word_1_544' title='bbox 307 3327 442 3395; x_wconf 86' lang='lat' dir='ltr'><strong>peculium</strong></span> <span class='ocrx_word' id='word_1_545' title='bbox 473 3327 621 3397; x_wconf 88' lang='lat' dir='ltr'><strong>possident.</strong></span> <span class='ocrx_word' id='word_1_546' title='bbox 672 3327 792 3382; x_wconf 89' lang='lat' dir='ltr'><strong>sienim</strong></span> <span class='ocrx_word' id='word_1_547' title='bbox 818 3327 861 3382; x_wconf 89' lang='lat' dir='ltr'><strong>sui</strong></span> <span class='ocrx_word' id='word_1_548' title='bbox 885 3328 952 3381; x_wconf 88' lang='lat' dir='ltr'><strong>iuris</strong></span> <span class='ocrx_word' id='word_1_549' title='bbox 1003 3342 1096 3382; x_wconf 90' lang='lat' dir='ltr'><strong>versus</strong></span> <span class='ocrx_word' id='word_1_550' title='bbox 1117 3328 1186 3383; x_wconf 89' lang='lat' dir='ltr'><strong>haec</strong></span> <span class='ocrx_word' id='word_1_551' title='bbox 1207 3330 1297 3384; x_wconf 91' lang='lat' dir='ltr'><strong>iuvari</strong></span> <span class='ocrx_word' id='word_1_552' title='bbox 1319 3329 1420 3399; x_wconf 88' lang='lat' dir='ltr'><strong>puteris</strong></span> <span class='ocrx_word' id='word_1_553' title='bbox 1444 3345 1495 3383; x_wconf 88' lang='lat' dir='ltr'><strong>nce</strong></span> <span class='ocrx_word' id='word_1_554' title='bbox 1516 3332 1621 3383; x_wconf 86' lang='lat' dir='ltr'><strong>tantum</strong></span> <span class='ocrx_word' id='word_1_555' title='bbox 1639 3328 1663 3383; x_wconf 83' lang='lat' dir='ltr'><strong>di</strong></span> 
     </span>
     <span class='ocr_line' id='line_1_45' title="bbox 136 3394 1663 3516; baseline -0.001 -65"><span class='ocrx_word' id='word_1_556' title='bbox 136 3395 306 3477; x_wconf 74' lang='lat' dir='ltr'><strong>eiiciantur,</strong></span> <span class='ocrx_word' id='word_1_557' title='bbox 330 3394 428 3516; x_wconf 61' lang='lat' dir='ltr'><strong>procul</strong></span> <span class='ocrx_word' id='word_1_558' title='bbox 454 3395 535 3449; x_wconf 93' lang='lat' dir='ltr'><strong>dubio</strong></span> <span class='ocrx_word' id='word_1_559' title='bbox 562 3402 604 3448; x_wconf 89' lang='lat' dir='ltr'><strong>est</strong></span> <span class='ocrx_word' id='word_1_560' title='bbox 626 3410 719 3450; x_wconf 90' lang='lat' dir='ltr'><strong>eorum</strong></span> <span class='ocrx_word' id='word_1_561' title='bbox 732 3398 903 3476; x_wconf 79' lang='lat' dir='ltr'><strong>¹testamenta</strong></span> <span class='ocrx_word' id='word_1_562' title='bbox 926 3399 955 3449; x_wconf 92' lang='lat' dir='ltr'><strong>et</strong></span> <span class='ocrx_word' id='word_1_563' title='bbox 1005 3396 1069 3449; x_wconf 86' lang='lat' dir='ltr'><strong>data</strong></span> <span class='ocrx_word' id='word_1_564' title='bbox 1086 3400 1115 3450; x_wconf 91' lang='lat' dir='ltr'><strong>et</strong></span> <span class='ocrx_word' id='word_1_565' title='bbox 1131 3397 1364 3452; x_wconf 85' lang='lat' dir='ltr'><strong>fideicommissum</strong></span> <span class='ocrx_word' id='word_1_566' title='bbox 1383 3397 1533 3477; x_wconf 81' lang='lat' dir='ltr'><strong>continent,</strong></span> <span class='ocrx_word' id='word_1_567' title='bbox 1552 3402 1663 3478; x_wconf 78' lang='lat' dir='ltr'><strong>quantur</strong></span> 
     </span>
     <span class='ocr_line' id='line_1_46' title="bbox 136 3463 1663 3613; baseline -0.001 -27"><span class='ocrx_word' id='word_1_568' title='bbox 136 3479 220 3586; x_wconf 74' lang='lat' dir='ltr'><strong>tiit</strong></span> <span class='ocrx_word' id='word_1_569' title='bbox 239 3468 953 3611; x_wconf 56' lang='lat' dir='ltr'><strong>”illiniturlirlliiuirlffilliiiitlii</strong></span> <span class='ocrx_word' id='word_1_570' title='bbox 1002 3463 1162 3611; x_wconf 63' lang='lat' dir='ltr'><strong>ltili</strong></span> <span class='ocrx_word' id='word_1_571' title='bbox 1177 3464 1663 3613; x_wconf 67' lang='lat' dir='ltr'><strong>titillltllllltultttlltt</strong></span> 
     </span>
     <span class='ocr_line' id='line_1_47' title="bbox 136 3597 1663 3669; baseline 0.001 -16"><span class='ocrx_word' id='word_1_572' title='bbox 136 3614 214 3666; x_wconf 91' lang='lat' dir='ltr'><strong>nere,</strong></span> <span class='ocrx_word' id='word_1_573' title='bbox 239 3614 300 3653; x_wconf 90' lang='lat' dir='ltr'><strong>eum</strong></span> <span class='ocrx_word' id='word_1_574' title='bbox 322 3613 409 3666; x_wconf 88' lang='lat' dir='ltr'><strong>neque</strong></span> <span class='ocrx_word' id='word_1_575' title='bbox 431 3612 528 3654; x_wconf 90' lang='lat' dir='ltr'><strong>nomen</strong></span> <span class='ocrx_word' id='word_1_576' title='bbox 543 3597 643 3666; x_wconf 88' lang='lat' dir='ltr'><strong>peculii</strong></span> <span class='ocrx_word' id='word_1_577' title='bbox 659 3604 806 3667; x_wconf 88' lang='lat' dir='ltr'><strong>permanet,</strong></span> <span class='ocrx_word' id='word_1_578' title='bbox 829 3599 876 3653; x_wconf 88' lang='lat' dir='ltr'><strong>sed</strong></span> <span class='ocrx_word' id='word_1_579' title='bbox 893 3599 953 3652; x_wconf 91' lang='lat' dir='ltr'><strong>abis</strong></span> <span class='ocrx_word' id='word_1_580' title='bbox 1003 3599 1157 3668; x_wconf 90' lang='lat' dir='ltr'><strong>provinciae</strong></span> <span class='ocrx_word' id='word_1_581' title='bbox 1174 3600 1364 3655; x_wconf 88' lang='lat' dir='ltr'><strong>iurisdictionis</strong></span> <span class='ocrx_word' id='word_1_582' title='bbox 1382 3615 1448 3654; x_wconf 89' lang='lat' dir='ltr'><strong>suae</strong></span> <span class='ocrx_word' id='word_1_583' title='bbox 1464 3603 1555 3669; x_wconf 87' lang='lat' dir='ltr'><strong>partes</strong></span> <span class='ocrx_word' id='word_1_584' title='bbox 1579 3601 1663 3655; x_wconf 86' lang='lat' dir='ltr'><strong>exbib</strong></span> 
     </span>
     <span class='ocr_line' id='line_1_48' title="bbox 135 3665 1460 3739; baseline 0 -18"><span class='ocrx_word' id='word_1_585' title='bbox 135 3667 218 3721; x_wconf 86' lang='lat' dir='ltr'><strong>rebus</strong></span> <span class='ocrx_word' id='word_1_586' title='bbox 236 3666 410 3721; x_wconf 69' lang='lat' dir='ltr'><strong>eomuuditur</strong></span> <span class='ocrx_word' id='word_1_587' title='bbox 424 3672 451 3719; x_wconf 91' lang='lat' dir='ltr'><strong>et</strong></span> <span class='ocrx_word' id='word_1_588' title='bbox 466 3665 577 3720; x_wconf 92' lang='lat' dir='ltr'><strong>similem</strong></span> <span class='ocrx_word' id='word_1_589' title='bbox 592 3665 728 3721; x_wconf 74' lang='lat' dir='ltr'><strong>isunnam</strong></span> <span class='ocrx_word' id='word_1_590' title='bbox 741 3666 844 3735; x_wconf 88' lang='lat' dir='ltr'><strong>recipit,</strong></span> <span class='ocrx_word' id='word_1_591' title='bbox 862 3681 953 3736; x_wconf 90' lang='lat' dir='ltr'><strong>quem·</strong></span> <span class='ocrx_word' id='word_1_592' title='bbox 1008 3671 1067 3721; x_wconf 79' lang='lat' dir='ltr'><strong>v1¹⁵</strong></span> <span class='ocrx_word' id='word_1_593' title='bbox 1084 3667 1110 3721; x_wconf 82' lang='lat' dir='ltr'><strong>lc.</strong></span> <span class='ocrx_word' id='word_1_594' title='bbox 1129 3667 1195 3722; x_wconf 83' lang='lat' dir='ltr'><strong>Mai</strong></span> <span class='ocrx_word' id='word_1_595' title='bbox 1214 3685 1301 3722; x_wconf 79' lang='lat' dir='ltr'><strong>carus.</strong></span> <span class='ocrx_word' id='word_1_596' title='bbox 1320 3679 1460 3739; x_wconf 82' lang='lat' dir='ltr'><strong>utsupra.</strong></span> 
     </span>
     <span class='ocr_line' id='line_1_49' title="bbox 136 3732 1631 3802; baseline 0.001 -14"><span class='ocrx_word' id='word_1_597' title='bbox 136 3732 281 3788; x_wconf 91' lang='lat' dir='ltr'><strong>admodum</strong></span> <span class='ocrx_word' id='word_1_598' title='bbox 304 3738 332 3787; x_wconf 88' lang='lat' dir='ltr'><strong>et</strong></span> <span class='ocrx_word' id='word_1_599' title='bbox 354 3740 459 3789; x_wconf 86' lang='lat' dir='ltr'><strong>ceterae</strong></span> <span class='ocrx_word' id='word_1_600' title='bbox 479 3749 523 3787; x_wconf 85' lang='grc' dir='ltr'><strong>ιιι</strong></span> <span class='ocrx_word' id='word_1_601' title='bbox 546 3748 652 3798; x_wconf 89' lang='lat' dir='ltr'><strong>eorum,</strong></span> <span class='ocrx_word' id='word_1_602' title='bbox 679 3740 709 3789; x_wconf 86' lang='lat' dir='ltr'><strong>et</strong></span> <span class='ocrx_word' id='word_1_603' title='bbox 733 3750 816 3789; x_wconf 92' lang='lat' dir='ltr'><strong>uuum</strong></span> <span class='ocrx_word' id='word_1_604' title='bbox 842 3749 952 3802; x_wconf 72' lang='lat' dir='ltr'><strong>wagre-</strong></span> <span class='ocrx_word' id='word_1_605' title='bbox 1038 3733 1055 3790; x_wconf 84' lang='lat' dir='ltr'><strong>&#39;l</strong></span> <span class='ocrx_word' id='word_1_606' title='bbox 1083 3735 1181 3791; x_wconf 72' lang='lat' dir='ltr'><strong>riuus</strong></span> <span class='ocrx_word' id='word_1_607' title='bbox 1203 3738 1259 3791; x_wconf 78' lang='grc' dir='ltr'><strong>ΑΛ.</strong></span> <span class='ocrx_word' id='word_1_608' title='bbox 1283 3737 1425 3791; x_wconf 76' lang='lat' dir='ltr'><strong>Ararelio¹⁷</strong></span> <span class='ocrx_word' id='word_1_609' title='bbox 1449 3735 1631 3790; x_wconf 76' lang='lat' dir='ltr'><strong>Ammiana¹t</strong></span> 
     </span>
     <span class='ocr_line' id='line_1_50' title="bbox 136 3801 1663 3875; baseline 0.001 -20"><span class='ocrx_word' id='word_1_610' title='bbox 136 3808 216 3870; x_wconf 77' lang='lat' dir='ltr'><strong>gatru</strong></span> <span class='ocrx_word' id='word_1_611' title='bbox 241 3815 275 3855; x_wconf 87' lang='lat' dir='ltr'><strong>ex</strong></span> <span class='ocrx_word' id='word_1_612' title='bbox 301 3801 425 3856; x_wconf 88' lang='lat' dir='ltr'><strong>omnibus</strong></span> <span class='ocrx_word' id='word_1_613' title='bbox 448 3801 647 3871; x_wconf 88' lang='lat' dir='ltr'><strong>patrimonium.</strong></span> <span class='ocrx_word' id='word_1_614' title='bbox 686 3801 720 3856; x_wconf 87' lang='lat' dir='ltr'><strong>D.</strong></span> <span class='ocrx_word' id='word_1_615' title='bbox 744 3801 769 3857; x_wconf 82' lang='lat' dir='ltr'><strong>lr.</strong></span> <span class='ocrx_word' id='word_1_616' title='bbox 789 3802 864 3875; x_wconf 76' lang='lat' dir='ltr'><strong>Sept.</strong></span> <span class='ocrx_word' id='word_1_617' title='bbox 884 3806 952 3858; x_wconf 78' lang='lat' dir='ltr'><strong>Gon·</strong></span> <span class='ocrx_word' id='word_1_618' title='bbox 1001 3808 1052 3857; x_wconf 89' lang='lat' dir='ltr'><strong>tua</strong></span> <span class='ocrx_word' id='word_1_619' title='bbox 1072 3803 1112 3858; x_wconf 86' lang='lat' dir='ltr'><strong>its</strong></span> <span class='ocrx_word' id='word_1_620' title='bbox 1134 3803 1324 3874; x_wconf 88' lang='lat' dir='ltr'><strong>patrimonium</strong></span> <span class='ocrx_word' id='word_1_621' title='bbox 1347 3819 1425 3857; x_wconf 90' lang='lat' dir='ltr'><strong>annm</strong></span> <span class='ocrx_word' id='word_1_622' title='bbox 1448 3801 1584 3872; x_wconf 78' lang='lat' dir='ltr'><strong>profunda</strong></span> <span class='ocrx_word' id='word_1_623' title='bbox 1605 3803 1663 3857; x_wconf 81' lang='lat' dir='ltr'><strong>libe:</strong></span> 
     </span>
     <span class='ocr_line' id='line_1_51' title="bbox 136 3868 1663 3943; baseline 0 -19"><span class='ocrx_word' id='word_1_624' title='bbox 136 3868 319 3941; x_wconf 81' lang='lat' dir='ltr'><strong>srarnnrpoli·</strong></span> <span class='ocrx_word' id='word_1_625' title='bbox 336 3870 598 3941; x_wconf 82' lang='lat' dir='ltr'><strong>postconsulatum</strong></span> <span class='ocrx_word' id='word_1_626' title='bbox 621 3870 768 3943; x_wconf 71' lang='lat' dir='ltr'><strong>lampadii</strong></span> <span class='ocrx_word' id='word_1_627' title='bbox 789 3878 818 3925; x_wconf 81' lang='lat' dir='ltr'><strong>et</strong></span> <span class='ocrx_word' id='word_1_628' title='bbox 841 3868 953 3926; x_wconf 81' lang='lat' dir='ltr'><strong>Orestae</strong></span> <span class='ocrx_word' id='word_1_629' title='bbox 1002 3871 1114 3926; x_wconf 71' lang='lat' dir='ltr'><strong>iraueni</strong></span> <span class='ocrx_word' id='word_1_630' title='bbox 1140 3882 1215 3925; x_wconf 90' lang='lat' dir='ltr'><strong>tuum</strong></span> <span class='ocrx_word' id='word_1_631' title='bbox 1241 3872 1396 3926; x_wconf 72' lang='lat' dir='ltr'><strong>adsueratis</strong></span> <span class='ocrx_word' id='word_1_632' title='bbox 1422 3871 1519 3940; x_wconf 90' lang='lat' dir='ltr'><strong>opibus</strong></span> <span class='ocrx_word' id='word_1_633' title='bbox 1542 3872 1598 3925; x_wconf 89' lang='lat' dir='ltr'><strong>anis</strong></span> <span class='ocrx_word' id='word_1_634' title='bbox 1622 3871 1663 3925; x_wconf 81' lang='lat' dir='ltr'><strong>exl</strong></span> 
     </span>
     <span class='ocr_line' id='line_1_52' title="bbox 137 3938 1663 4009; baseline -0.001 -16"><span class='ocrx_word' id='word_1_635' title='bbox 137 3954 170 3994; x_wconf 84' lang='lat' dir='ltr'><strong>ira</strong></span> <span class='ocrx_word' id='word_1_636' title='bbox 186 3939 239 3992; x_wconf 62' lang='lat' dir='ltr'><strong>aa!</strong></span> <span class='ocrx_word' id='word_1_637' title='bbox 839 3942 952 4003; x_wconf 79' lang='lat' dir='ltr'><strong>[a.5311</strong></span> <span class='ocrx_word' id='word_1_638' title='bbox 1003 3943 1115 4007; x_wconf 88' lang='lat' dir='ltr'><strong>quartae</strong></span> <span class='ocrx_word' id='word_1_639' title='bbox 1136 3941 1222 4009; x_wconf 89' lang='lat' dir='ltr'><strong>partis</strong></span> <span class='ocrx_word' id='word_1_640' title='bbox 1247 3939 1395 4002; x_wconf 90' lang='lat' dir='ltr'><strong>dimidium,</strong></span> <span class='ocrx_word' id='word_1_641' title='bbox 1421 3938 1493 4007; x_wconf 89' lang='lat' dir='ltr'><strong>quod</strong></span> <span class='ocrx_word' id='word_1_642' title='bbox 1512 3938 1549 3993; x_wconf 89' lang='lat' dir='ltr'><strong>ad</strong></span> <span class='ocrx_word' id='word_1_643' title='bbox 1566 3939 1663 3993; x_wconf 87' lang='lat' dir='ltr'><strong>exclud</strong></span> 
     </span>
     <span class='ocr_line' id='line_1_53' title="bbox 1003 4005 1655 4077; baseline 0 -16"><span class='ocrx_word' id='word_1_644' title='bbox 1003 4007 1119 4061; x_wconf 83' lang='lat' dir='ltr'><strong>officiosi</strong></span> <span class='ocrx_word' id='word_1_645' title='bbox 1140 4007 1295 4062; x_wconf 86' lang='lat' dir='ltr'><strong>testamenti</strong></span> <span class='ocrx_word' id='word_1_646' title='bbox 1315 4006 1461 4077; x_wconf 89' lang='lat' dir='ltr'><strong>querellam</strong></span> <span class='ocrx_word' id='word_1_647' title='bbox 1477 4005 1606 4061; x_wconf 89' lang='lat' dir='ltr'><strong>adversus</strong></span> <span class='ocrx_word' id='word_1_648' title='bbox 1626 4012 1655 4061; x_wconf 85' lang='lat' dir='ltr'><strong>te</strong></span> 
     </span>
     <span class='ocr_line' id='line_1_54' title="bbox 1002 4074 1663 4143; baseline 0.003 -16"><span class='ocrx_word' id='word_1_649' title='bbox 1002 4074 1032 4128; x_wconf 93' lang='lat' dir='ltr'><strong>in</strong></span> <span class='ocrx_word' id='word_1_650' title='bbox 1048 4074 1090 4128; x_wconf 93' lang='lat' dir='ltr'><strong>his</strong></span> <span class='ocrx_word' id='word_1_651' title='bbox 1108 4075 1298 4130; x_wconf 88' lang='lat' dir='ltr'><strong>donationibus</strong></span> <span class='ocrx_word' id='word_1_652' title='bbox 1315 4091 1383 4143; x_wconf 90' lang='lat' dir='ltr'><strong>quas</strong></span> <span class='ocrx_word' id='word_1_653' title='bbox 1400 4076 1450 4128; x_wconf 91' lang='lat' dir='ltr'><strong>tibi</strong></span> <span class='ocrx_word' id='word_1_654' title='bbox 1467 4074 1564 4142; x_wconf 79' lang='lat' dir='ltr'><strong>largita</strong></span> <span class='ocrx_word' id='word_1_655' title='bbox 1581 4077 1623 4128; x_wconf 89' lang='lat' dir='ltr'><strong>est</strong></span> <span class='ocrx_word' id='word_1_656' title='bbox 1636 4091 1663 4129; x_wconf 87' lang='lat' dir='ltr'><strong>ni</strong></span> 
     </span>
     <span class='ocr_line' id='line_1_55' title="bbox 467 4142 1639 4212; baseline -0.001 -17"><span class='ocrx_word' id='word_1_657' title='bbox 467 4143 632 4205; x_wconf 75' lang='lat' dir='ltr'>XXVIIII·</span> <span class='ocrx_word' id='word_1_658' title='bbox 1021 4143 1074 4196; x_wconf 87' lang='lat' dir='ltr'><strong>nod</strong></span> <span class='ocrx_word' id='word_1_659' title='bbox 1091 4142 1265 4197; x_wconf 90' lang='lat' dir='ltr'><strong>immoderate</strong></span> <span class='ocrx_word' id='word_1_660' title='bbox 1281 4150 1386 4212; x_wconf 86' lang='lat' dir='ltr'><strong>gestum</strong></span> <span class='ocrx_word' id='word_1_661' title='bbox 1403 4146 1446 4197; x_wconf 89' lang='lat' dir='ltr'><strong>est</strong></span> <span class='ocrx_word' id='word_1_662' title='bbox 1461 4142 1639 4197; x_wconf 83' lang='lat' dir='ltr'><strong>revocabitur.</strong></span> 
     </span>
     <span class='ocr_line' id='line_1_56' title="bbox 256 4210 1663 4336; baseline 0.001 -43"><span class='ocrx_word' id='word_1_663' title='bbox 256 4244 304 4294; x_wconf 82' lang='lat' dir='ltr'><strong>us</strong></span> <span class='ocrx_word' id='word_1_664' title='bbox 322 4242 550 4295; x_wconf 72' lang='lat' dir='ltr'><strong>incestuosis</strong></span> <span class='ocrx_word' id='word_1_665' title='bbox 568 4244 830 4295; x_wconf 79' lang='lat' dir='ltr'><strong>nouerionraus.</strong></span> <span class='ocrx_word' id='word_1_666' title='bbox 1003 4226 1015 4264; x_wconf 63' lang='lat'><em>1</em></span> <span class='ocrx_word' id='word_1_667' title='bbox 1035 4210 1597 4336; x_wconf 46' lang='lat' dir='ltr'><strong>‘gf-lssse‘jnssiffl&#39;2522222}{⁵&#39;²⁰Si⁶⁰ff⁸g·0¹;t</strong></span> <span class='ocrx_word' id='word_1_668' title='bbox 1612 4282 1663 4332; x_wconf 60' lang='lat' dir='ltr'><strong>m,</strong></span> 
     </span>
     <span class='ocr_line' id='line_1_57' title="bbox 174 4295 1663 4416; baseline 0 -16"><span class='ocrx_word' id='word_1_669' title='bbox 174 4342 187 4400; x_wconf 90' lang='lat' dir='ltr'><strong>i</strong></span> <span class='ocrx_word' id='word_1_670' title='bbox 210 4341 281 4416; x_wconf 83' lang='lat' dir='ltr'><strong>Imp.</strong></span> <span class='ocrx_word' id='word_1_671' title='bbox 299 4341 448 4416; x_wconf 75' lang='lat' dir='ltr'><strong>Philippus</strong></span> <span class='ocrx_word' id='word_1_672' title='bbox 464 4346 495 4398; x_wconf 89' lang='lat' dir='ltr'><strong>A.</strong></span> <span class='ocrx_word' id='word_1_673' title='bbox 515 4342 649 4399; x_wconf 82' lang='lat' dir='ltr'><strong>Nicanori</strong></span> <span class='ocrx_word' id='word_1_674' title='bbox 666 4351 694 4398; x_wconf 85' lang='lat' dir='ltr'><strong>et</strong></span> <span class='ocrx_word' id='word_1_675' title='bbox 707 4342 888 4416; x_wconf 78' lang='lat' dir='ltr'><strong>Papirianae.</strong></span> <span class='ocrx_word' id='word_1_676' title='bbox 915 4343 952 4407; x_wconf 90' lang='lat' dir='ltr'><strong>Si,</strong></span> <span class='ocrx_word' id='word_1_677' title='bbox 1001 4345 1216 4400; x_wconf 86' lang='lat' dir='ltr'><strong>intervertendae</strong></span> <span class='ocrx_word' id='word_1_678' title='bbox 1239 4346 1402 4414; x_wconf 88' lang='lat' dir='ltr'><strong>quaestionis</strong></span> <span class='ocrx_word' id='word_1_679' title='bbox 1424 4295 1568 4400; x_wconf 56' lang='lat' dir='ltr'><strong>inofliciosi</strong></span> <span class='ocrx_word' id='word_1_680' title='bbox 1586 4359 1663 4400; x_wconf 84' lang='lat' dir='ltr'><strong>causi</strong></span> 
     </span>
     <span class='ocr_line' id='line_1_58' title="bbox 137 4410 1663 4480; baseline 0.002 -15"><span class='ocrx_word' id='word_1_681' title='bbox 137 4418 168 4466; x_wconf 93' lang='lat' dir='ltr'><strong>nt</strong></span> <span class='ocrx_word' id='word_1_682' title='bbox 185 4412 328 4480; x_wconf 64' lang='lat' dir='ltr'><strong>adleguis,</strong></span> <span class='ocrx_word' id='word_1_683' title='bbox 351 4418 437 4465; x_wconf 89' lang='lat' dir='ltr'><strong>mater</strong></span> <span class='ocrx_word' id='word_1_684' title='bbox 453 4418 543 4466; x_wconf 87' lang='lat' dir='ltr'><strong>restra</strong></span> <span class='ocrx_word' id='word_1_685' title='bbox 561 4412 596 4466; x_wconf 86' lang='lat' dir='ltr'><strong>sd</strong></span> <span class='ocrx_word' id='word_1_686' title='bbox 613 4410 791 4466; x_wconf 91' lang='lat' dir='ltr'><strong>deludendam</strong></span> <span class='ocrx_word' id='word_1_687' title='bbox 808 4411 953 4466; x_wconf 84' lang='lat' dir='ltr'><strong>inofliciosi</strong></span> <span class='ocrx_word' id='word_1_688' title='bbox 1001 4414 1076 4468; x_wconf 91' lang='lat' dir='ltr'><strong>nium</strong></span> <span class='ocrx_word' id='word_1_689' title='bbox 1094 4430 1172 4467; x_wconf 90' lang='lat' dir='ltr'><strong>suum</strong></span> <span class='ocrx_word' id='word_1_690' title='bbox 1189 4412 1378 4468; x_wconf 88' lang='lat' dir='ltr'><strong>donationibus</strong></span> <span class='ocrx_word' id='word_1_691' title='bbox 1399 4414 1428 4467; x_wconf 92' lang='lat' dir='ltr'><strong>in</strong></span> <span class='ocrx_word' id='word_1_692' title='bbox 1445 4430 1529 4466; x_wconf 92' lang='lat' dir='ltr'><strong>unum</strong></span> <span class='ocrx_word' id='word_1_693' title='bbox 1545 4413 1663 4468; x_wconf 87' lang='lat' dir='ltr'><strong>tiliumc</strong></span> 
     </span>
     <span class='ocr_line' id='line_1_59' title="bbox 138 4479 1663 4549; baseline 0.002 -16"><span class='ocrx_word' id='word_1_694' title='bbox 138 4480 283 4549; x_wconf 87' lang='lat' dir='ltr'><strong>querellam</strong></span> <span class='ocrx_word' id='word_1_695' title='bbox 300 4494 387 4547; x_wconf 91' lang='lat' dir='ltr'><strong>paene</strong></span> <span class='ocrx_word' id='word_1_696' title='bbox 403 4479 541 4534; x_wconf 89' lang='lat' dir='ltr'><strong>universas</strong></span> <span class='ocrx_word' id='word_1_697' title='bbox 559 4479 702 4534; x_wconf 79' lang='lat' dir='ltr'><strong>facultates</strong></span> <span class='ocrx_word' id='word_1_698' title='bbox 720 4495 791 4545; x_wconf 89' lang='lat' dir='ltr'><strong>snas,</strong></span> <span class='ocrx_word' id='word_1_699' title='bbox 809 4479 873 4533; x_wconf 91' lang='lat' dir='ltr'><strong>duin</strong></span> <span class='ocrx_word' id='word_1_700' title='bbox 890 4496 952 4547; x_wconf 89' lang='lat' dir='ltr'><strong>nge-</strong></span> <span class='ocrx_word' id='word_1_701' title='bbox 1002 4482 1133 4547; x_wconf 84' lang='lat' dir='ltr'><strong>hausisse,</strong></span> <span class='ocrx_word' id='word_1_702' title='bbox 1153 4497 1213 4536; x_wconf 89' lang='lat' dir='ltr'><strong>euru</strong></span> <span class='ocrx_word' id='word_1_703' title='bbox 1231 4482 1357 4535; x_wconf 78' lang='lat' dir='ltr'><strong>aduersus</strong></span> <span class='ocrx_word' id='word_1_704' title='bbox 1376 4497 1467 4535; x_wconf 92' lang='lat' dir='ltr'><strong>eorum</strong></span> <span class='ocrx_word' id='word_1_705' title='bbox 1486 4482 1663 4549; x_wconf 63' lang='grc' dir='ltr'>ιοςίιιιίοιιιι</span> 
     </span>
     <span class='ocr_line' id='line_1_60' title="bbox 137 4547 1663 4617; baseline 0.002 -16"><span class='ocrx_word' id='word_1_706' title='bbox 137 4552 180 4601; x_wconf 91' lang='lat' dir='ltr'><strong>ret</strong></span> <span class='ocrx_word' id='word_1_707' title='bbox 203 4547 232 4600; x_wconf 88' lang='lat' dir='ltr'><strong>iu</strong></span> <span class='ocrx_word' id='word_1_708' title='bbox 257 4549 340 4603; x_wconf 90' lang='lat' dir='ltr'><strong>rebus</strong></span> <span class='ocrx_word' id='word_1_709' title='bbox 366 4548 504 4611; x_wconf 86' lang='lat' dir='ltr'><strong>humanis,</strong></span> <span class='ocrx_word' id='word_1_710' title='bbox 532 4548 611 4602; x_wconf 86' lang='lat' dir='ltr'><strong>iactis</strong></span> <span class='ocrx_word' id='word_1_711' title='bbox 635 4547 825 4602; x_wconf 88' lang='lat' dir='ltr'><strong>donationibus</strong></span> <span class='ocrx_word' id='word_1_712' title='bbox 846 4548 902 4601; x_wconf 90' lang='lat' dir='ltr'><strong>sive</strong></span> <span class='ocrx_word' id='word_1_713' title='bbox 924 4549 952 4602; x_wconf 91' lang='lat' dir='ltr'><strong>in</strong></span> <span class='ocrx_word' id='word_1_714' title='bbox 1002 4549 1070 4604; x_wconf 88' lang='lat' dir='ltr'><strong>siliis</strong></span> <span class='ocrx_word' id='word_1_715' title='bbox 1093 4565 1247 4617; x_wconf 90' lang='lat' dir='ltr'><strong>supremum</strong></span> <span class='ocrx_word' id='word_1_716' title='bbox 1268 4550 1394 4602; x_wconf 88' lang='lat' dir='ltr'><strong>iudicium</strong></span> <span class='ocrx_word' id='word_1_717' title='bbox 1418 4549 1569 4616; x_wconf 87' lang='lat' dir='ltr'><strong>anticipare</strong></span> <span class='ocrx_word' id='word_1_718' title='bbox 1598 4554 1663 4604; x_wconf 80' lang='lat' dir='ltr'><strong>aaut</strong></span> 
     </span>
     <span class='ocr_line' id='line_1_61' title="bbox 138 4615 1663 4685; baseline 0.002 -17"><span class='ocrx_word' id='word_1_719' title='bbox 138 4615 267 4684; x_wconf 87' lang='lat' dir='ltr'><strong>quosdam</strong></span> <span class='ocrx_word' id='word_1_720' title='bbox 284 4615 383 4669; x_wconf 88' lang='lat' dir='ltr'><strong>liberos</strong></span> <span class='ocrx_word' id='word_1_721' title='bbox 400 4616 456 4669; x_wconf 90' lang='lat' dir='ltr'><strong>sive</strong></span> <span class='ocrx_word' id='word_1_722' title='bbox 472 4616 501 4668; x_wconf 94' lang='lat' dir='ltr'><strong>in</strong></span> <span class='ocrx_word' id='word_1_723' title='bbox 514 4620 657 4669; x_wconf 88' lang='lat' dir='ltr'><strong>extraneos</strong></span> <span class='ocrx_word' id='word_1_724' title='bbox 672 4616 797 4670; x_wconf 84' lang='lat' dir='ltr'><strong>exhausit</strong></span> <span class='ocrx_word' id='word_1_725' title='bbox 809 4631 843 4669; x_wconf 90' lang='lat' dir='ltr'><strong>ac</strong></span> <span class='ocrx_word' id='word_1_726' title='bbox 857 4622 952 4684; x_wconf 87' lang='lat' dir='ltr'><strong>postea</strong></span> <span class='ocrx_word' id='word_1_727' title='bbox 1003 4618 1123 4671; x_wconf 81' lang='grc' dir='ltr'>ιιιίοιιιι</span> <span class='ocrx_word' id='word_1_728' title='bbox 1140 4616 1255 4670; x_wconf 89' lang='lat' dir='ltr'><strong>filiorum</strong></span> <span class='ocrx_word' id='word_1_729' title='bbox 1272 4617 1448 4680; x_wconf 87' lang='lat' dir='ltr'><strong>exhauriunt,</strong></span> <span class='ocrx_word' id='word_1_730' title='bbox 1473 4617 1574 4670; x_wconf 89' lang='lat' dir='ltr'><strong>aditum</strong></span> <span class='ocrx_word' id='word_1_731' title='bbox 1595 4632 1663 4685; x_wconf 87' lang='lat' dir='ltr'><strong>quer</strong></span> 
     </span>
     <span class='ocr_line' id='line_1_62' title="bbox 137 4682 1663 4753; baseline 0.002 -18"><span class='ocrx_word' id='word_1_732' title='bbox 137 4698 184 4738; x_wconf 85' lang='lat' dir='ltr'><strong>vos</strong></span> <span class='ocrx_word' id='word_1_733' title='bbox 202 4697 236 4736; x_wconf 88' lang='lat' dir='ltr'><strong>ex</strong></span> <span class='ocrx_word' id='word_1_734' title='bbox 252 4682 357 4736; x_wconf 88' lang='lat' dir='ltr'><strong>duabus</strong></span> <span class='ocrx_word' id='word_1_735' title='bbox 376 4683 463 4737; x_wconf 90' lang='lat' dir='ltr'><strong>unciis</strong></span> <span class='ocrx_word' id='word_1_736' title='bbox 480 4683 545 4736; x_wconf 85' lang='lat' dir='ltr'><strong>iecit</strong></span> <span class='ocrx_word' id='word_1_737' title='bbox 559 4683 670 4737; x_wconf 90' lang='lat' dir='ltr'><strong>heredes</strong></span> <span class='ocrx_word' id='word_1_738' title='bbox 686 4698 785 4752; x_wconf 87' lang='lat' dir='ltr'><strong>easque</strong></span> <span class='ocrx_word' id='word_1_739' title='bbox 797 4684 892 4752; x_wconf 83' lang='lat' dir='ltr'><strong>legatis</strong></span> <span class='ocrx_word' id='word_1_740' title='bbox 907 4685 952 4737; x_wconf 81' lang='lat' dir='ltr'><strong>et⁷</strong></span> <span class='ocrx_word' id='word_1_741' title='bbox 1003 4685 1142 4752; x_wconf 89' lang='lat' dir='ltr'><strong>deposcat,</strong></span> <span class='ocrx_word' id='word_1_742' title='bbox 1165 4685 1237 4753; x_wconf 89' lang='lat' dir='ltr'><strong>quod</strong></span> <span class='ocrx_word' id='word_1_743' title='bbox 1256 4685 1387 4738; x_wconf 88' lang='lat' dir='ltr'><strong>donatum</strong></span> <span class='ocrx_word' id='word_1_744' title='bbox 1404 4693 1447 4737; x_wconf 89' lang='lat' dir='ltr'><strong>est</strong></span> <span class='ocrx_word' id='word_1_745' title='bbox 1463 4700 1512 4752; x_wconf 90' lang='lat' dir='ltr'><strong>pro</strong></span> <span class='ocrx_word' id='word_1_746' title='bbox 1530 4685 1635 4738; x_wconf 89' lang='lat' dir='ltr'><strong>ratione</strong></span> <span class='ocrx_word' id='word_1_747' title='bbox 1653 4703 1663 4753; x_wconf 77' lang='lat' dir='ltr'><strong>c</strong></span> 
     </span>
     <span class='ocr_line' id='line_1_63' title="bbox 136 4748 1663 4817; baseline 0.001 -14"><span class='ocrx_word' id='word_1_748' title='bbox 136 4748 349 4804; x_wconf 83' lang='lat' dir='ltr'><strong>fideicommissis</strong></span> <span class='ocrx_word' id='word_1_749' title='bbox 376 4750 512 4804; x_wconf 85' lang='lat' dir='ltr'><strong>exinanire</strong></span> <span class='ocrx_word' id='word_1_750' title='bbox 536 4751 657 4817; x_wconf 81' lang='lat' dir='ltr'><strong>gestivit,</strong></span> <span class='ocrx_word' id='word_1_751' title='bbox 684 4766 739 4806; x_wconf 91' lang='lat' dir='ltr'><strong>uon</strong></span> <span class='ocrx_word' id='word_1_752' title='bbox 760 4753 860 4806; x_wconf 90' lang='lat' dir='ltr'><strong>iniuria</strong></span> <span class='ocrx_word' id='word_1_753' title='bbox 877 4752 953 4805; x_wconf 83' lang='lat' dir='ltr'><strong>iuxta</strong></span> <span class='ocrx_word' id='word_1_754' title='bbox 1002 4754 1090 4807; x_wconf 88' lang='lat' dir='ltr'><strong>instar</strong></span> <span class='ocrx_word' id='word_1_755' title='bbox 1123 4753 1266 4807; x_wconf 81' lang='lat' dir='ltr'><strong>inofficiosi</strong></span> <span class='ocrx_word' id='word_1_756' title='bbox 1300 4752 1454 4806; x_wconf 83' lang='lat' dir='ltr'><strong>testamenti</strong></span> <span class='ocrx_word' id='word_1_757' title='bbox 1489 4752 1603 4807; x_wconf 89' lang='lat' dir='ltr'><strong>convicti</strong></span> <span class='ocrx_word' id='word_1_758' title='bbox 1639 4753 1663 4806; x_wconf 80' lang='lat' dir='ltr'><strong>di</strong></span> 
     </span>
     <span class='ocr_line' id='line_1_64' title="bbox 138 4818 1663 4889; baseline 0.001 -18"><span class='ocrx_word' id='word_1_759' title='bbox 138 4818 252 4871; x_wconf 84' lang='lat' dir='ltr'><strong>formam</strong></span> <span class='ocrx_word' id='word_1_760' title='bbox 275 4832 357 4886; x_wconf 92' lang='lat' dir='ltr'><strong>super</strong></span> <span class='ocrx_word' id='word_1_761' title='bbox 382 4818 532 4873; x_wconf 88' lang='lat' dir='ltr'><strong>inol&#39;ticioso</strong></span> <span class='ocrx_word' id='word_1_762' title='bbox 557 4822 718 4875; x_wconf 86' lang='lat' dir='ltr'><strong>testamento</strong></span> <span class='ocrx_word' id='word_1_763' title='bbox 746 4820 953 4875; x_wconf 78' lang='grc' dir='ltr'>ιιιιιιιιιιιιιιιι</span> <span class='ocrx_word' id='word_1_764' title='bbox 1006 4826 1016 4873; x_wconf 83' lang='grc'>1</span> <span class='ocrx_word' id='word_1_765' title='bbox 1054 4820 1123 4874; x_wconf 82' lang='lat' dir='ltr'><strong>Nam</strong></span> <span class='ocrx_word' id='word_1_766' title='bbox 1147 4820 1219 4889; x_wconf 89' lang='lat' dir='ltr'><strong>quod</strong></span> <span class='ocrx_word' id='word_1_767' title='bbox 1240 4835 1309 4874; x_wconf 85' lang='lat' dir='ltr'><strong>uxor</strong></span> <span class='ocrx_word' id='word_1_768' title='bbox 1331 4821 1461 4873; x_wconf 74' lang='lat' dir='ltr'><strong>amanto</strong></span> <span class='ocrx_word' id='word_1_769' title='bbox 1479 4820 1507 4873; x_wconf 92' lang='lat' dir='ltr'><strong>in</strong></span> <span class='ocrx_word' id='word_1_770' title='bbox 1525 4835 1554 4873; x_wconf 90' lang='lat' dir='ltr'><strong>se</strong></span> <span class='ocrx_word' id='word_1_771' title='bbox 1571 4821 1663 4873; x_wconf 81' lang='lat' dir='ltr'><strong>matris</strong></span> 
     </span>
     <span class='ocr_line' id='line_1_65' title="bbox 138 4885 1662 4956; baseline 0.001 -16"><span class='ocrx_word' id='word_1_772' title='bbox 138 4885 275 4940; x_wconf 86' lang='lat' dir='ltr'><strong>subveniri</strong></span> <span class='ocrx_word' id='word_1_773' title='bbox 294 4885 370 4939; x_wconf 90' lang='lat' dir='ltr'><strong>vobis</strong></span> <span class='ocrx_word' id='word_1_774' title='bbox 392 4889 488 4955; x_wconf 82' lang='lat' dir='ltr'><strong>utpote</strong></span> <span class='ocrx_word' id='word_1_775' title='bbox 510 4892 633 4955; x_wconf 88' lang='lat' dir='ltr'><strong>quartam</strong></span> <span class='ocrx_word' id='word_1_776' title='bbox 656 4892 760 4955; x_wconf 86' lang='lat' dir='ltr'><strong>partem</strong></span> <span class='ocrx_word' id='word_1_777' title='bbox 776 4904 833 4943; x_wconf 92' lang='lat' dir='ltr'><strong>iion</strong></span> <span class='ocrx_word' id='word_1_778' title='bbox 849 4888 952 4941; x_wconf 88' lang='lat' dir='ltr'><strong>haben·</strong></span> <span class='ocrx_word' id='word_1_779' title='bbox 1003 4902 1069 4956; x_wconf 89' lang='lat' dir='ltr'><strong>pore</strong></span> <span class='ocrx_word' id='word_1_780' title='bbox 1099 4888 1251 4942; x_wconf 91' lang='lat' dir='ltr'><strong>donationis</strong></span> <span class='ocrx_word' id='word_1_781' title='bbox 1284 4902 1366 4941; x_wconf 89' lang='lat' dir='ltr'><strong>causa</strong></span> <span class='ocrx_word' id='word_1_782' title='bbox 1397 4888 1524 4941; x_wconf 90' lang='lat' dir='ltr'><strong>collatum</strong></span> <span class='ocrx_word' id='word_1_783' title='bbox 1556 4889 1662 4942; x_wconf 86' lang='lat' dir='ltr'><strong>emanoi</strong></span> 
     </span>
     <span class='ocr_line' id='line_1_66' title="bbox 137 4952 1663 5027; baseline 0.003 -21"><span class='ocrx_word' id='word_1_784' title='bbox 137 4954 212 5007; x_wconf 91' lang='lat' dir='ltr'><strong>tibus</strong></span> <span class='ocrx_word' id='word_1_785' title='bbox 234 4952 400 5007; x_wconf 86' lang='lat' dir='ltr'><strong>desideratis.</strong></span> <span class='ocrx_word' id='word_1_786' title='bbox 441 4953 498 5008; x_wconf 85' lang='lat' dir='ltr'><strong>PP.</strong></span> <span class='ocrx_word' id='word_1_787' title='bbox 523 4968 600 5008; x_wconf 83' lang='lat' dir='ltr'><strong>rim</strong></span> <span class='ocrx_word' id='word_1_788' title='bbox 625 4953 652 5008; x_wconf 81' lang='lat' dir='ltr'><strong>lr.</strong></span> <span class='ocrx_word' id='word_1_789' title='bbox 676 4956 750 5027; x_wconf 81' lang='lat' dir='ltr'><strong>Sept.</strong></span> <span class='ocrx_word' id='word_1_790' title='bbox 769 4955 844 5010; x_wconf 86' lang='lat' dir='ltr'><strong>Plriti&#39;</strong></span> <span class='ocrx_word' id='word_1_791' title='bbox 859 4971 901 5026; x_wconf 83' lang='lat' dir='ltr'><strong>po</strong></span> <span class='ocrx_word' id='word_1_792' title='bbox 918 4955 950 5009; x_wconf 73' lang='lat' dir='ltr'><strong>A.</strong></span> <span class='ocrx_word' id='word_1_793' title='bbox 1004 4957 1138 5009; x_wconf 86' lang='lat' dir='ltr'><strong>communi</strong></span> <span class='ocrx_word' id='word_1_794' title='bbox 1156 4955 1339 5010; x_wconf 76' lang='lat' dir='ltr'><strong>oenaentiento</strong></span> <span class='ocrx_word' id='word_1_795' title='bbox 1357 4955 1464 5010; x_wconf 91' lang='lat' dir='ltr'><strong>domino</strong></span> <span class='ocrx_word' id='word_1_796' title='bbox 1484 4955 1601 5017; x_wconf 90' lang='lat' dir='ltr'><strong>donavit,</strong></span> <span class='ocrx_word' id='word_1_797' title='bbox 1624 4958 1663 5011; x_wconf 90' lang='lat' dir='ltr'><strong>vel</strong></span> 
     </span>
     <span class='ocr_line' id='line_1_67' title="bbox 137 4972 1663 5092; baseline 0.001 -17"><span class='ocrx_word' id='word_1_798' title='bbox 137 5028 165 5075; x_wconf 80' lang='lat' dir='ltr'><strong>et</strong></span> <span class='ocrx_word' id='word_1_799' title='bbox 183 5020 292 5075; x_wconf 81' lang='lat' dir='ltr'><strong>litiano</strong></span> <span class='ocrx_word' id='word_1_800' title='bbox 310 5037 397 5075; x_wconf 82' lang='lat' dir='ltr'><strong>conss.</strong></span> <span class='ocrx_word' id='word_1_801' title='bbox 836 4972 871 5089; x_wconf 52' lang='lat' dir='ltr'><strong>Ka.</strong></span> <span class='ocrx_word' id='word_1_802' title='bbox 890 5027 950 5089; x_wconf 77' lang='lat'>245]</span> <span class='ocrx_word' id='word_1_803' title='bbox 1003 5025 1044 5077; x_wconf 92' lang='lat' dir='ltr'><strong>nis</strong></span> <span class='ocrx_word' id='word_1_804' title='bbox 1061 5023 1161 5092; x_wconf 85' lang='lat' dir='ltr'><strong>patris,</strong></span> <span class='ocrx_word' id='word_1_805' title='bbox 1183 5023 1217 5078; x_wconf 81' lang='lat' dir='ltr'><strong>ile</strong></span> <span class='ocrx_word' id='word_1_806' title='bbox 1241 5023 1317 5078; x_wconf 88' lang='lat' dir='ltr'><strong>euius</strong></span> <span class='ocrx_word' id='word_1_807' title='bbox 1335 5022 1487 5077; x_wconf 66' lang='lat' dir='ltr'><strong>subeuntia</strong></span> <span class='ocrx_word' id='word_1_808' title='bbox 1504 5024 1663 5092; x_wconf 89' lang='lat' dir='ltr'><strong>prohibente</strong></span> 
     </span>
    </p>
   </div>
   <div class='ocr_carea' id='block_1_3' title="bbox 334 5138 1435 5147">
    <p class='ocr_par' dir='ltr' id='par_1_3' title="bbox 334 5138 1435 5147">
     <span class='ocr_line' id='line_1_68' title="bbox 334 5138 1435 5147; baseline 0 -2"><span class='ocrx_word' id='word_1_809' title='bbox 334 5138 671 5147; x_wconf 70' lang='lat'><strong>——-—-..—.—.-</strong></span> <span class='ocrx_word' id='word_1_810' title='bbox 996 5141 1000 5147; x_wconf 93' lang='lat'><strong>.</strong></span> <span class='ocrx_word' id='word_1_811' title='bbox 1033 5141 1077 5147; x_wconf 83' lang='lat'><strong>..--</strong></span> <span class='ocrx_word' id='word_1_812' title='bbox 1139 5140 1359 5147; x_wconf 78' lang='lat'><strong>-.-———-—-</strong></span> <span class='ocrx_word' id='word_1_813' title='bbox 1385 5141 1391 5145; x_wconf 95' lang='lat'>.</span> <span class='ocrx_word' id='word_1_814' title='bbox 1432 5140 1435 5145; x_wconf 91' lang='lat'><strong>.</strong></span> 
     </span>
    </p>
   </div>
   <div class='ocr_carea' id='block_1_4' title="bbox 138 5192 1663 5735">
    <p class='ocr_par' dir='ltr' id='par_1_4' title="bbox 138 5192 1663 5667">
     <span class='ocr_line' id='line_1_69' title="bbox 138 5192 1663 5261; baseline 0.001 -18"><span class='ocrx_word' id='word_1_815' title='bbox 138 5193 170 5256; x_wconf 81' lang='grc' dir='ltr'><strong>(ι)</strong></span> <span class='ocrx_word' id='word_1_816' title='bbox 189 5199 202 5252; x_wconf 74' lang='grc' dir='ltr'><strong>ι</strong></span> <span class='ocrx_word' id='word_1_817' title='bbox 222 5204 303 5246; x_wconf 70' lang='lat' dir='ltr'><strong>ianr</strong></span> <span class='ocrx_word' id='word_1_818' title='bbox 321 5194 483 5260; x_wconf 72' lang='lat' dir='ltr'><strong>spissantur</strong></span> <span class='ocrx_word' id='word_1_819' title='bbox 500 5196 525 5244; x_wconf 82' lang='lat' dir='ltr'><strong>in</strong></span> <span class='ocrx_word' id='word_1_820' title='bbox 543 5196 568 5257; x_wconf 88' lang='grc'><strong>6,</strong></span> <span class='ocrx_word' id='word_1_821' title='bbox 587 5205 623 5255; x_wconf 90' lang='grc' dir='ltr'><strong>ιι,</strong></span> <span class='ocrx_word' id='word_1_822' title='bbox 641 5205 666 5247; x_wconf 86' lang='grc' dir='ltr'><strong>ιι</strong></span> <span class='ocrx_word' id='word_1_823' title='bbox 766 5192 800 5261; x_wconf 76' lang='grc' dir='ltr'><strong>(ι)</strong></span> <span class='ocrx_word' id='word_1_824' title='bbox 817 5195 950 5261; x_wconf 78' lang='lat' dir='ltr'><strong>requiritur</strong></span> <span class='ocrx_word' id='word_1_825' title='bbox 1003 5197 1069 5255; x_wconf 79' lang='lat' dir='ltr'><strong>ueri,</strong></span> <span class='ocrx_word' id='word_1_826' title='bbox 1087 5192 1283 5246; x_wconf 71' lang='lat' dir='ltr'><strong>attremit</strong></span> <span class='ocrx_word' id='word_1_827' title='bbox 1351 5195 1398 5257; x_wconf 82' lang='lat' dir='ltr'><strong>(iol</strong></span> <span class='ocrx_word' id='word_1_828' title='bbox 1416 5219 1449 5238; x_wconf 89' lang='lat'><em>=</em></span> <span class='ocrx_word' id='word_1_829' title='bbox 1472 5194 1528 5245; x_wconf 85' lang='lat' dir='ltr'><strong>Vri.</strong></span> <span class='ocrx_word' id='word_1_830' title='bbox 1547 5206 1603 5246; x_wconf 80' lang='lat' dir='ltr'><strong>iii:</strong></span> <span class='ocrx_word' id='word_1_831' title='bbox 1623 5198 1663 5245; x_wconf 76' lang='lat' dir='ltr'><strong>tur</strong></span> 
     </span>
     <span class='ocr_line' id='line_1_70' title="bbox 138 5261 1663 5392; baseline 0.001 -13"><span class='ocrx_word' id='word_1_832' title='bbox 138 5276 250 5380; x_wconf 61' lang='lat' dir='ltr'><strong>lt...</strong></span> <span class='ocrx_word' id='word_1_833' title='bbox 280 5261 314 5327; x_wconf 61' lang='lat'><strong>(³)</strong></span> <span class='ocrx_word' id='word_1_834' title='bbox 325 5264 567 5392; x_wconf 42' lang='lat' dir='ltr'><strong>iimi‘l&#39;irliffl</strong></span> <span class='ocrx_word' id='word_1_835' title='bbox 594 5344 626 5379; x_wconf 68' lang='lat' dir='ltr'><strong>r.</strong></span> <span class='ocrx_word' id='word_1_836' title='bbox 651 5262 953 5383; x_wconf 59' lang='lat' dir='ltr'><strong>tlt-letti</strong></span> <span class='ocrx_word' id='word_1_837' title='bbox 1002 5262 1663 5392; x_wconf 59' lang='lat' dir='ltr'><strong>lltlit‘itlttl&#39;irtllltttill</strong></span> 
     </span>
     <span class='ocr_line' id='line_1_71' title="bbox 138 5345 1663 5467; baseline 0.001 -20"><span class='ocrx_word' id='word_1_838' title='bbox 138 5397 202 5448; x_wconf 75' lang='lat' dir='ltr'><strong>dies</strong></span> <span class='ocrx_word' id='word_1_839' title='bbox 225 5364 269 5464; x_wconf 57' lang='lat' dir='ltr'><strong>(as.</strong></span> <span class='ocrx_word' id='word_1_840' title='bbox 286 5345 432 5465; x_wconf 46' lang='lat' dir='ltr'><strong>Zeiaelfrijt</strong></span> <span class='ocrx_word' id='word_1_841' title='bbox 445 5400 498 5464; x_wconf 81' lang='lat' dir='ltr'><strong>fiir</strong></span> <span class='ocrx_word' id='word_1_842' title='bbox 514 5367 689 5467; x_wconf 39' lang='lat' dir='ltr'><strong>delinquet..</strong></span> <span class='ocrx_word' id='word_1_843' title='bbox 700 5409 721 5452; x_wconf 91' lang='lat' dir='ltr'><strong>ii</strong></span> <span class='ocrx_word' id='word_1_844' title='bbox 736 5349 772 5465; x_wconf 60' lang='lat' dir='ltr'><strong>pp</strong></span> <span class='ocrx_word' id='word_1_845' title='bbox 784 5351 834 5459; x_wconf 65' lang='lat' dir='ltr'><strong>iss)</strong></span> <span class='ocrx_word' id='word_1_846' title='bbox 848 5349 952 5465; x_wconf 51' lang='lat' dir='ltr'><strong>signu</strong></span> <span class='ocrx_word' id='word_1_847' title='bbox 1002 5352 1323 5466; x_wconf 52' lang='lat' dir='ltr'><strong>(iiiruucssrr‘rsrutursslt</strong></span> <span class='ocrx_word' id='word_1_848' title='bbox 1348 5367 1589 5463; x_wconf 59' lang='lat' dir='ltr'><strong>(istriPJorrstul.</strong></span> <span class='ocrx_word' id='word_1_849' title='bbox 1618 5402 1663 5462; x_wconf 78' lang='lat' dir='ltr'><strong>(ret</strong></span> 
     </span>
     <span class='ocr_line' id='line_1_72' title="bbox 138 5464 1663 5532; baseline 0.001 -17"><span class='ocrx_word' id='word_1_850' title='bbox 138 5464 162 5515; x_wconf 77' lang='lat' dir='ltr'><strong>l.</strong></span> <span class='ocrx_word' id='word_1_851' title='bbox 180 5482 201 5516; x_wconf 88' lang='lat' dir='ltr'><strong>c.</strong></span> <span class='ocrx_word' id='word_1_852' title='bbox 220 5468 311 5516; x_wconf 78' lang='lat' dir='ltr'><strong>citatur</strong></span> <span class='ocrx_word' id='word_1_853' title='bbox 328 5467 353 5517; x_wconf 82' lang='lat' dir='ltr'><strong>in</strong></span> <span class='ocrx_word' id='word_1_854' title='bbox 370 5468 396 5529; x_wconf 87' lang='lat' dir='ltr'><strong>e,</strong></span> <span class='ocrx_word' id='word_1_855' title='bbox 413 5476 449 5529; x_wconf 76' lang='grc' dir='ltr'><strong>ιι,</strong></span> <span class='ocrx_word' id='word_1_856' title='bbox 466 5477 500 5528; x_wconf 81' lang='lat' dir='ltr'><strong>tt,</strong></span> <span class='ocrx_word' id='word_1_857' title='bbox 518 5485 583 5532; x_wconf 81' lang='lat' dir='ltr'><strong>quar</strong></span> <span class='ocrx_word' id='word_1_858' title='bbox 600 5468 705 5519; x_wconf 76' lang='lat' dir='ltr'><strong>eiusdem</strong></span> <span class='ocrx_word' id='word_1_859' title='bbox 722 5468 774 5519; x_wconf 76' lang='lat' dir='ltr'><strong>atri</strong></span> <span class='ocrx_word' id='word_1_860' title='bbox 789 5478 840 5518; x_wconf 84' lang='lat' dir='ltr'><strong>ert:</strong></span> <span class='ocrx_word' id='word_1_861' title='bbox 857 5465 952 5531; x_wconf 80' lang='lat' dir='ltr'><strong>lampa·</strong></span> <span class='ocrx_word' id='word_1_862' title='bbox 1015 5468 1050 5529; x_wconf 82' lang='lat' dir='ltr'><strong>tt)</strong></span> <span class='ocrx_word' id='word_1_863' title='bbox 1067 5465 1165 5519; x_wconf 83' lang='lat' dir='ltr'><strong>aurelio</strong></span> <span class='ocrx_word' id='word_1_864' title='bbox 1179 5468 1243 5529; x_wconf 78' lang='lat' dir='ltr'><strong>Vua,</strong></span> <span class='ocrx_word' id='word_1_865' title='bbox 1262 5485 1306 5517; x_wconf 86' lang='lat' dir='ltr'><strong>oin.</strong></span> <span class='ocrx_word' id='word_1_866' title='bbox 1317 5466 1376 5518; x_wconf 86' lang='lat' dir='ltr'><strong>libri</strong></span> <span class='ocrx_word' id='word_1_867' title='bbox 1425 5468 1470 5523; x_wconf 77' lang='lat' dir='ltr'><strong>(tal</strong></span> <span class='ocrx_word' id='word_1_868' title='bbox 1488 5465 1599 5515; x_wconf 87' lang='lat' dir='ltr'><strong>anniano</strong></span> <span class='ocrx_word' id='word_1_869' title='bbox 1615 5468 1663 5517; x_wconf 79' lang='lat' dir='ltr'><strong>Vnt</strong></span> 
     </span>
     <span class='ocr_line' id='line_1_73' title="bbox 139 5530 1663 5599; baseline 0 -17"><span class='ocrx_word' id='word_1_870' title='bbox 139 5530 181 5583; x_wconf 91' lang='lat' dir='ltr'><strong>dio</strong></span> <span class='ocrx_word' id='word_1_871' title='bbox 197 5536 224 5583; x_wconf 85' lang='lat' dir='ltr'><strong>et</strong></span> <span class='ocrx_word' id='word_1_872' title='bbox 239 5536 321 5584; x_wconf 71' lang='lat' dir='ltr'><strong>meato</strong></span> <span class='ocrx_word' id='word_1_873' title='bbox 338 5548 378 5583; x_wconf 83' lang='lat' dir='ltr'><strong>vv.</strong></span> <span class='ocrx_word' id='word_1_874' title='bbox 395 5548 430 5583; x_wconf 86' lang='lat' dir='ltr'><strong>ca</strong></span> <span class='ocrx_word' id='word_1_875' title='bbox 448 5550 509 5585; x_wconf 84' lang='lat' dir='ltr'><strong>noar.</strong></span> <span class='ocrx_word' id='word_1_876' title='bbox 527 5535 598 5593; x_wconf 77' lang='lat' dir='ltr'><strong>Hal..</strong></span> <span class='ocrx_word' id='word_1_877' title='bbox 621 5536 666 5586; x_wconf 85' lang='lat' dir='ltr'><strong>sed</strong></span> <span class='ocrx_word' id='word_1_878' title='bbox 687 5536 713 5587; x_wconf 86' lang='lat' dir='ltr'><strong>in</strong></span> <span class='ocrx_word' id='word_1_879' title='bbox 735 5535 858 5586; x_wconf 59' lang='lat' dir='ltr'><strong>&amp;dandis</strong></span> <span class='ocrx_word' id='word_1_880' title='bbox 875 5552 953 5586; x_wconf 70' lang='lat' dir='ltr'><strong>mea-</strong></span> <span class='ocrx_word' id='word_1_881' title='bbox 1032 5535 1065 5586; x_wconf 82' lang='lat' dir='ltr'><strong>al.</strong></span> <span class='ocrx_word' id='word_1_882' title='bbox 1081 5536 1110 5597; x_wconf 86' lang='lat' dir='ltr'><strong>P,</strong></span> <span class='ocrx_word' id='word_1_883' title='bbox 1128 5535 1178 5586; x_wconf 71' lang='lat' dir='ltr'><strong>dat.</strong></span> <span class='ocrx_word' id='word_1_884' title='bbox 1195 5533 1350 5585; x_wconf 80' lang='lat' dir='ltr'><strong>nicomediae</strong></span> <span class='ocrx_word' id='word_1_885' title='bbox 1366 5548 1385 5583; x_wconf 78' lang='lat' dir='ltr'><strong>r</strong></span> <span class='ocrx_word' id='word_1_886' title='bbox 1403 5548 1462 5584; x_wconf 91' lang='lat' dir='ltr'><strong>uon.</strong></span> <span class='ocrx_word' id='word_1_887' title='bbox 1480 5536 1552 5583; x_wconf 84' lang='lat' dir='ltr'><strong>mart</strong></span> <span class='ocrx_word' id='word_1_888' title='bbox 1570 5538 1663 5599; x_wconf 84' lang='lat' dir='ltr'><strong>angust</strong></span> 
     </span>
     <span class='ocr_line' id='line_1_74' title="bbox 138 5600 1161 5667; baseline 0.001 -16"><span class='ocrx_word' id='word_1_889' title='bbox 138 5601 281 5666; x_wconf 59' lang='lat' dir='ltr'><strong>lantpert</strong></span> <span class='ocrx_word' id='word_1_890' title='bbox 296 5615 365 5652; x_wconf 79' lang='lat' dir='ltr'><strong>oona.</strong></span> <span class='ocrx_word' id='word_1_891' title='bbox 443 5617 482 5652; x_wconf 84' lang='lat' dir='ltr'><strong>rr.</strong></span> <span class='ocrx_word' id='word_1_892' title='bbox 498 5617 535 5652; x_wconf 89' lang='lat' dir='ltr'><strong>oo.</strong></span> <span class='ocrx_word' id='word_1_893' title='bbox 553 5618 621 5653; x_wconf 80' lang='lat' dir='ltr'><strong>anua</strong></span> <span class='ocrx_word' id='word_1_894' title='bbox 637 5601 748 5654; x_wconf 73' lang='lat' dir='ltr'><strong>mundo</strong></span> <span class='ocrx_word' id='word_1_895' title='bbox 798 5600 953 5667; x_wconf 50' lang='lat' dir='ltr'><strong>(0341st</strong></span> <span class='ocrx_word' id='word_1_896' title='bbox 1002 5618 1082 5654; x_wconf 80' lang='grc' dir='ltr'>ιιιιιι</span> <span class='ocrx_word' id='word_1_897' title='bbox 1106 5602 1161 5654; x_wconf 83' lang='lat' dir='ltr'><strong>Vnt.</strong></span> 
     </span>
    </p>

    <p class='ocr_par' dir='ltr' id='par_1_5' title="bbox 139 5667 954 5735">
     <span class='ocr_line' id='line_1_75' title="bbox 139 5667 954 5735; baseline 0.002 -17"><span class='ocrx_word' id='word_1_898' title='bbox 139 5671 173 5732; x_wconf 79' lang='grc' dir='ltr'><strong>(η</strong></span> <span class='ocrx_word' id='word_1_899' title='bbox 189 5672 216 5719; x_wconf 87' lang='lat' dir='ltr'><strong>et</strong></span> <span class='ocrx_word' id='word_1_900' title='bbox 232 5670 262 5732; x_wconf 86' lang='lat' dir='ltr'><strong>P,</strong></span> <span class='ocrx_word' id='word_1_901' title='bbox 279 5668 320 5721; x_wconf 88' lang='lat' dir='ltr'><strong>vel</strong></span> <span class='ocrx_word' id='word_1_902' title='bbox 331 5667 373 5721; x_wconf 81' lang='lat' dir='ltr'><strong>cll</strong></span> <span class='ocrx_word' id='word_1_903' title='bbox 422 5670 457 5733; x_wconf 81' lang='lat' dir='ltr'><strong>(si</strong></span> <span class='ocrx_word' id='word_1_904' title='bbox 471 5670 497 5720; x_wconf 86' lang='lat' dir='ltr'><strong>k.</strong></span> <span class='ocrx_word' id='word_1_905' title='bbox 510 5684 568 5734; x_wconf 82' lang='lat' dir='ltr'><strong>aug.</strong></span> <span class='ocrx_word' id='word_1_906' title='bbox 583 5671 654 5733; x_wconf 78' lang='lat' dir='ltr'><strong>Hal,</strong></span> <span class='ocrx_word' id='word_1_907' title='bbox 671 5670 706 5723; x_wconf 85' lang='lat' dir='ltr'><strong>id.</strong></span> <span class='ocrx_word' id='word_1_908' title='bbox 723 5670 775 5723; x_wconf 73' lang='lat' dir='ltr'><strong>aa</strong></span> <span class='ocrx_word' id='word_1_909' title='bbox 793 5670 819 5723; x_wconf 85' lang='lat' dir='ltr'><em>P</em></span> <span class='ocrx_word' id='word_1_910' title='bbox 866 5668 903 5735; x_wconf 81' lang='grc' dir='ltr'><strong>(ι)</strong></span> <span class='ocrx_word' id='word_1_911' title='bbox 916 5671 954 5721; x_wconf 81' lang='lat' dir='ltr'><strong>rie</strong></span> 
     </span>
    </p>
   </div>
   <div class='ocr_carea' id='block_1_5' title="bbox 0 0 1950 6132">
    <p class='ocr_par' dir='ltr' id='par_1_6' title="bbox 0 0 1950 6132">
     <span class='ocr_line' id='line_1_76' title="bbox 0 0 1950 6132; baseline 0 0"><span class='ocrx_word' id='word_1_912' title='bbox 0 0 1950 6132; x_wconf 95' lang='lat' dir='ltr'><strong> </strong></span> 
     </span>
    </p>
   </div>
  </div>
 </body>
</html>
