3832 6126
106 300 278 350 sonamus
298 300 549 353 convmuuurus
748 276 814 352 att
1308 284 1410 353 vet.
1430 291 1485 355 ts.
1526 277 1571 355 vi
1594 288 1607 354 1

624 376 929 389 ————.---

130 466 301 523 lucuniensis
322 469 354 523 ,4
376 465 476 523 Menoe
493 485 541 541 pp.
587 466 617 523 Si
645 467 753 540 quando
802 467 974 525 fideiussores
990 484 1059 539 quos
1077 472 1241 539 acceperunt
1263 471 1410 528 consistere
1451 479 1525 543 oles,
1548 473 1614 528 licet

106 543 137 592 to
163 538 294 592 minorum
320 538 363 591 sel
387 536 476 591 adbuc
501 539 552 592 sub
584 538 753 593 curatoribus
803 537 896 593 utilem
912 538 1045 593 actionem
1063 539 1121 593 siue
1137 538 1257 593 cessione
1274 539 1383 595 habeas.
1409 490 1530 614 Agceptc
1546 558 1611 596 non.

106 622 152 660 um
174 606 216 660 sel
256 620 286 659 er
306 604 409 661 mulam
431 606 529 660 aetatis
551 619 643 660 eorum
661 620 754 660 curam
803 603 989 661 leudesius
1004 607 1103 677 aspris
1120 622 1207 661 conss.
1506 626 1531 664 a.
1551 614 1601 664 212

106 690 130 728 m
151 688 195 728 res
252 680 368 727 enantur
387 673 428 727 uel
450 682 651 742 supponuntur,
674 681 702 729 et
718 673 754 729 ad
837 672 951 747 ilarp.
973 674 1134 729 Alexander
1155 678 1186 729 A.
1210 672 1340 729 Potesne.
1375 676 1408 731 In
1427 676 1475 731 ber
1553 692 1611 732 ms·

115 745 230 796 aemtem
252 741 322 795 idom
344 741 460 796 numeres
499 743 600 797 revecti
621 743 699 811 longo
717 741 753 796 si·
801 741 1031 812 gisuatos,ouius
1044 758 1098 797 non
1114 741 1171 797 lata
1186 742 1229 796 cui
1279 742 1375 798 idonce
1390 750 1499 799 cautum
1509 744 1612 815 pupilio

106 811 197 865 tellam
221 808 375 863 huiusmodi
398 808 469 863 uadi
487 809 571 873 crint,
596 816 628 865 ut
652 809 753 865 inutilis
803 826 858 866 non
883 816 938 879 est,
963 825 1018 866 non
1041 810 1110 865 solet
1132 810 1202 864 actio
1244 811 1293 865 ari.
1333 810 1389 865 PP.
1412 811 1611 869 111.nott.1tti.

106 878 131 932 el
153 878 303 946 suppositio
327 877 453 931 diuturno
475 877 579 933 silentio
603 878 753 943 roboretur,
803 877 915 933 iuliano
931 886 960 934 ct
976 876 1036 932 Cris
1055 879 1103 932 iao
1121 894 1208 932 conss.
1498 883 1532 949 [o.
1551 884 1611 945 2241

106 962 182 1015 mpus
209 946 243 1000 ad
268 946 349 999 talem
376 946 602 999 confirmation·
626 946 753 1016 practini·
837 896 1113 1017 3Imp.Gordi’ouus
1126 948 1158 1001 A.
1173 946 1343 1019 Aproniano.
1371 947 1400 1001 Si
1417 951 1447 1002 tu
1465 953 1493 1002 et
1511 948 1613 1016 collega

106 1028 130 1068 sc
147 1029 295 1069 censemus.
326 1012 443 1082 Ideoque
460 1015 647 1082 praecipimus,
664 1014 688 1069 si
705 1029 755 1084 per
802 1019 881 1078 tuus,
902 1028 965 1068 cnm
988 1014 1145 1081 magistratu
1168 1013 1355 1081 fungeremini,
1379 1015 1466 1070 minus
1486 1016 1611 1071 idoneam

106 1082 227 1136 ontinuos
256 1097 342 1135 annos
365 1085 427 1150 post
448 1081 583 1149 impletam
609 1082 754 1136 minorem¹
801 1086 919 1137 tortorem
935 1080 1046 1135 dedistis
1063 1082 1266 1151 cautionemque
1280 1082 1403 1137 idoneam
1419 1100 1472 1138 non
1485 1083 1612 1152 exegistis

106 1149 175 1204 lest
191 1149 282 1217 viginti
300 1149 417 1217 quinque
438 1158 535 1207 annosi
559 1165 753 1204 connumeran-
803 1165 853 1205 ncc
874 1150 942 1205 alias
965 1149 1066 1205 anari
1088 1149 1191 1218 pupillo
1211 1148 1372 1205 indemnitas
1393 1156 1486 1219 potest
1502 1158 1529 1205 ct
1545 1152 1612 1205 utri·

106 1226 270 1284 conquestus
293 1223 335 1270 est
356 1232 439 1286 sopor
460 1217 509 1270 tali
531 1217 693 1272 alienatione
711 1218 753 1272 rel
820 1234 855 1273 ua
871 1216 998 1273 solvendo
1015 1217 1093 1281 estis,
1135 1232 1167 1271 ro
1182 1217 1251 1271 cirili
1370 1218 1397 1271 in
1415 1234 1462 1273 vos
1479 1219 1613 1274 actionem

106 1284 233 1354 eisqui
250 1300 309 1363 mm
326 1283 391 1338 iecit
407 1284 449 1337 vel
466 1285 543 1339 heres
559 1286 625 1350 eins
646 1286 754 1341 minime
853 1285 932 1340 'non
948 1284 1047 1340 iniuria
1062 1235 1220 1354 posfulaois.
1256 1226 1369 1340 ms
1383 1285 1409 1340 ic.
1430 1286 1497 1341 lion.
1515 1285 1568 1340 Pio
1586 1294 1614 1340 et

117 1368 176 1407 cam
208 1368 351 1432 occasione
379 1352 619 1433 praetermissionis
645 1353 753 1418 decreti,
803 1352 942 1409 Pontiano
959 1368 1047 1409 conss.
1498 1358 1533 1419 [a.
1551 1358 1612 1417 2381

106 1436 166 1488 tere,
184 1421 261 1489 quasi
278 1420 313 1474 ab
327 1420 404 1474 mitro
460 1421 754 1476 'timodecretoiuisset
838 1419 857 1477 t
885 1420 960 1475 Idem
983 1422 1014 1475 A.
1037 1421 1215 1475 Armnnuna
1256 1421 1391 1476 Aduersus
1417 1421 1612 1477 nominatorem

106 1505 173 1543 ures
189 1490 232 1543 tel
249 1488 397 1556 supposita.
461 1505 505 1541 um
523 1494 614 1543 autem
630 1488 752 1545 donatio·
802 1490 900 1544 tutoris
920 1488 964 1545 vel
985 1489 1118 1543 curatoris
1140 1489 1227 1543 minus
1249 1488 1339 1543 idonei
1362 1505 1416 1544 non
1438 1493 1502 1543 auto
1518 1504 1612 1559 perse-

106 1559 190 1611 ›ribus
208 1570 258 1611 nec
276 1572 337 1611 com
354 1555 463 1610 decreto
483 1557 614 1611 celebrari
630 1563 752 1627 possunt,
802 1557 855 1611 uiri
871 1562 969 1626 potest,
991 1572 1072 1627 quam
1088 1558 1113 1610 si
1129 1556 1207 1611 bouis
1224 1556 1354 1612 nominati
1370 1558 1487 1627 itemque
1504 1557 1612 1611 liddon·

106 1625 146 1679 nel
190 1631 233 1679 ost
259 1624 363 1677 renim
388 1625 485 1679 scmus
511 1640 568 1679 rem
593 1626 752 1680 immobilem
802 1625 871 1680 soma
880 1625 938 1680 eius
946 1640 1060 1693 necnon
1070 1623 1232 1693 collegarum
1246 1640 1360 1704 qumque,
1375 1625 1532 1694 adquorum
1540 1625 1612 1693 peri·

117 1694 151 1746 tit
180 1709 197 1746 o
219 1694 248 1745 iu
271 1691 353 1746 alium
371 1696 447 1754 (exce
465 1699 495 1746 ta
513 1698 625 1763 propter
642 1694 752 1763 nuptias
802 1693 893 1748 culum
910 1692 1074 1749 consortium
1092 1691 1331 1765 administrationis
1349 1698 1467 1761 spectat,
1491 1693 1612 1747 excussis

113 1760 343 1828 transscripserit,
363 1776 417 1814 non
434 1709 514 1815 siber
530 1762 582 1815 hoc
599 1760 752 1816 firmitatem
802 1777 857 1816 non
885 1761 923 1816 sit
946 1760 1114 1815 indemnitati
1140 1760 1235 1829 pnpilli
1257 1761 1297 1815 vei
1323 1760 1407 1814 adulti
1433 1760 1610 1815 satisfactum.

106 1829 144 1883 isi
169 1835 231 1897 post
256 1827 349 1896 uiginti
374 1827 492 1909 quinque
517 1844 602 1883 annos
628 1829 752 1897 impletos
802 1828 860 1884 PP.
876 1828 913 1883 id.
931 1828 1014 1883 Mart.
1033 1829 1124 1883 Attico
1141 1836 1170 1883 et
1185 1826 1367 1883 Praetextato
1385 1845 1472 1882 conns.
1505 1834 1539 1893 [u.
1551 1832 1610 1892 2421

106 1894 752 2031 {titttittittttttnttitttttt:
802 1895 963 2020 stitit·
982 1894 1611 2032 sustinetsustinet

106 2031 246 2086 uberedis
264 2045 380 2100 persona
402 2030 469 2085 illud
485 2033 668 2087 tantummodo
685 2040 751 2087 tem·
801 1982 961 2097 minqatores,
997 2032 1021 2086 si
1046 2031 1285 2087 administrationis
1311 2032 1387 2086 linito
1413 2036 1532 2113 tempore
1557 2047 1611 2085 non

106 2108 170 2165 eret,
192 2100 264 2169 quod
287 2104 350 2167 post
371 2098 489 2153 eiusdem
513 2099 617 2155 heredis
642 2101 753 2156 minoris
802 2101 903 2155 luerint
925 2099 1051 2155 solvendo
1075 2114 1125 2155 nec
1147 2116 1183 2155 ex
1206 2100 1329 2154 cautione
1351 2098 1531 2153 fideiussionis
1548 2100 1611 2153 soli·

106 2169 186 2223 lentio
209 2173 377 2222 transactum
395 2168 438 2221 sit.
474 2165 507 2222 lt.
531 2182 588 2222 sm
607 2167 644 2223 id.
662 2169 751 2242 April.
802 2168 865 2224 dum
891 2168 961 2237 exigi
986 2167 1085 2238 possit,
1116 2168 1225 2238 pupillis
1250 2168 1384 2236 quondam
1411 2169 1438 2221 in
1464 2166 1612 2222 subsidium

106 2237 181 2309 cpoli
198 2235 284 2291 liscio
303 2251 341 2291 oe.
359 2250 432 2290 cens.
637 2242 752 2301 (2.5211]
802 2236 983 2291 indemnitatis
1005 2236 1112 2291 nomine
1136 2237 1268 2290 actionem
1292 2236 1383 2289 utilem
1408 2242 1559 2305 competere
1578 2250 1612 2289 er

802 2312 912 2359 senatus
930 2304 1064 2368 consulto,
1082 2303 1154 2372 quod
1168 2310 1279 2359 auctore
1293 2302 1353 2358 diro
1367 2302 1485 2358 Traiano
1499 2306 1613 2372 parente

802 2379 895 2428 nostro
918 2371 1021 2427 iactum
1043 2378 1099 2437 est,
1122 2372 1252 2427 constitit.
1287 2370 1320 2425 Ι).
1345 2370 1441 2425 strici.
1461 2370 1613 2443 Deceptis

283 2442 412 2504 LXXV?
801 2442 846 2496 etl
863 2456 951 2495 conss.
1479 2444 1514 2505 [u.
1533 2440 1611 2502 21141]

106 2543 372 2594 usotsnnsrrsos
390 2541 657 2593 conveniensis.
801 2504 1255 2644 prfeosspu'euczfssi'ndgefflnf
1266 2505 1613 2630 ζιζωῐξᾞξήξξὲζξξξ

106 2644 258 2697 Antoninus
275 2645 306 2696 ,4.
325 2641 464 2697 Muciano.
499 2642 529 2697 si
544 2643 752 2711 magistratusa
800 2659 861 2698 nem
887 2643 1039 2698 mandantis
1063 2648 1104 2705 et,
1130 2641 1203 2710 quod
1226 2656 1285 2694 eam
1311 2659 1360 2712 pro
1386 2658 1459 2697 more
1482 2643 1610 2712 sequitur,

106 2727 147 2765 seu
170 2710 350 2775 curatoribus,
373 2727 440 2779 quos
462 2711 512 2765 tibi
533 2711 681 2765 dederunt
703 2727 751 2766 seu
801 2712 938 2766 decretum
964 2710 1067 2780 puriter
1096 2709 1132 2763 sit
1157 2711 1348 2776 compositum,
1373 2710 1543 2764 manifestum
1569 2716 1612 2763 cst

106 2782 171 2839 mot
189 2779 309 2847 stipulati
323 2785 388 2860 sunt
402 2794 432 2833 sa
445 2794 477 2833 eo
492 2780 600 2833 nomine
616 2779 751 2834 indemnes
800 2795 854 2834 non
869 2780 1001 2835 curatoris
1017 2778 1152 2833 dationem
1167 2776 1249 2858 tuisse
1258 2777 1411 2860 invalidam,
1426 2776 1474 2832 sed
1488 2776 1612 2831 incesti

106 2846 752 2994 ttt,ttttulttttttttttttttttt
800 2844 1611 2994 fflttlttttitttttttit,ttmtttbtt

106 2988 275 3036 tentatores
293 2989 355 3036 tuos
371 2983 523 3048 mstitmstt,
548 2983 662 3037 alienam
682 2985 750 3039 obli·
804 2990 815 3038 t
852 2984 959 3049 valeret,
976 2982 1159 3037 fideiussorem
1176 2987 1331 3049 acceperat,
1352 2979 1543 3035 intercessisse.
1579 2980 1612 3033 In

106 3068 126 3104 n
144 3067 197 3104 non
215 3050 332 3105 resoluit.
364 3049 416 3103 Sed
434 3050 562 3105 adsersus
578 3052 751 3119 magistratus
801 3068 855 3133 quo
879 3066 946 3107 mon
968 3067 1022 3106 non
1047 3049 1179 3105 curatoris
1203 3048 1255 3102 erit
1277 3048 1366 3103 ratio⁰
1384 3046 1611 3117 reprehendenda,

106 3134 157 3172 rem
175 3118 306 3172 dederunt
322 3118 394 3172 sotio
412 3118 485 3173 utilis
502 3119 541 3172 ita
557 3118 662 3173 densum
678 3136 750 3175 com·
802 3136 826 3175 st
851 3134 905 3187 qua
929 3119 1011 3174 laesio
1038 3120 1119 3173 rebus
1141 3116 1251 3170 minoris
1275 3117 1352 3171 illata
1377 3116 1461 3172 foisse
1483 3116 1611 3171 adversus

106 3186 207 3239 liversis
226 3186 302 3240 bonis
320 3185 442 3240 excussis
459 3187 660 3255 revocatisque,
683 3204 752 3268 quae
801 3188 811 3241 l
864 3204 889 3241 m
907 3185 1025 3241 ordinem
1041 3186 1237 3254 comprobetur,
1255 3183 1331 3239 sed¹⁰
1348 3200 1430 3267 super
1446 3184 1612 3265 neglegentia

106 3254 204 3308 audem
229 3254 362 3308 alienasse
388 3254 552 3317 constiterit,
584 3255 753 3311 indemnitati
802 3272 833 3311 re
865 3255 929 3311 dolo
951 3255 1069 3319 scribae,
1109 3254 1137 3307 ui
1154 3268 1243 3306 rerum
1261 3253 1430 3307 substantiae
1447 3256 1611 3307 mononem

106 3321 245 3376 ¹solidum
268 3321 394 3378 sadsfieri
417 3338 471 3377 uon
494 3323 589 3402 potuit.
625 3322 712 3391 Quam
729 3326 753 3380 si
821 3339 899 3379 assus
917 3328 960 3377 est
975 3272 1120 3386 occultati,
1143 3320 1246 3390 iegibus
1265 3320 1317 3375 erlt
1333 3320 1473 3391 agendum.
1509 3319 1542 3374 1).
1566 3322 1612 3373 s¹¹

106 3434 108 3447 ,
131 3389 263 3444 mandatis
280 3390 329 3444 tibi
347 3390 381 3444 ab
399 3389 437 3444 eis
454 3392 607 3447 actionibus
624 3392 753 3449 adeamus
802 3341 828 3447 i.
848 3390 908 3447 ion.
928 3390 1035 3446 Basilio
1052 3406 1091 3448 oc.
1110 3406 1182 3446 sons.
1497 3392 1532 3457 [e.
1551 3390 1610 3453 tao]

607 4082 741 4161 LIBER
768 4080 946 4161 sextos

323 4277 371 4336 13²
836 4270 916 4331 3Iin
937 4314 944 4327 .
963 4269 1158 4328 Constantinus
1175 4272 1206 4326 Α.
1224 4276 1252 4326 et
1269 4264 1390 4324 licinius
1410 4268 1462 4323 0¹¹
1479 4268 1517 4323 cd
1539 4268 1609 4326 Pro·

106 4376 180 4428 oms
196 4376 314 4427 SERVIS
329 4377 374 4426 ΕΤ
388 4376 546 4427 mmm
559 4376 750 4429 mmmm·
801 4340 871 4396 item.
926 4339 1061 4408 iiugitisi
1084 4340 1152 4393 corui
1175 4337 1409 4408 deprehendantur
1430 4338 1465 4392 ad
1487 4338 1608 4392 barbari-

106 4444 752 4565 pgg,,pgpftgfflgpgppgegg
802 4414 1086 4531 tttmtttittu
1101 4415 1151 4529 tt
1166 4405 1610 4546 ,solinensium

106 4581 297 4633 mmm
315 4580 598 4632 mmmmm·
802 4552 855 4668 ω)
879 4544 958 4683 rii?
974 4544 1223 4666 iiiiiiiii‘b.
1250 4608 1289 4663 au
1317 4543 1608 4677 Vatertiiuiif‘ffi

123 4680 312 4735 Diocletianus
334 4689 361 4734 et
377 4678 566 4735 discissiones
586 4681 642 4735 ΑΛ.
664 4680 752 4735 Aemi·
802 4694 915 4749 cumque
936 4678 965 4733 in
985 4679 1075 4732 'tivum
1096 4693 1201 4733 seruum
1224 4677 1253 4732 iu
1275 4676 1383 4732 domum
1405 4676 1447 4731 vel
1469 4677 1497 4731 in
1516 4691 1609 4745 agrum

106 4765 154 4803 um
176 4749 315 4817 selgiticum
339 4748 382 4802 sui
404 4748 505 4803 lurtum
527 4748 619 4803 iacere
640 4753 669 4802 et
690 4748 750 4802 idco
801 4748 885 4803 inscio
909 4745 970 4801 dom
1001 4762 1017 4800 o
1040 4747 1097 4801 cius
1120 4747 1283 4868 susceperit,
1307 4760 1367 4799 eum
1394 4760 1455 4799 cum
1477 4744 1608 4813 pari'alio

106 4817 230 4871 eloeum
253 4832 303 4871 nec
321 4816 512 4885 usucapionem
529 4832 578 4871 uec
596 4816 667 4885 longi
684 4821 750 4870 tem
804 4822 814 4869 t
855 4814 898 4871 uel
918 4814 1010 4883 uiginti
1031 4814 1124 4870 solidis
1146 4813 1194 4868 red
1213 4820 1248 4866 et.
1283 4812 1331 4867 Sin
1349 4828 1410 4868 vero
1432 4812 1550 4868 secundo
1567 4813 1610 4867 vel

106 4885 272 4953 scriptionem
288 4884 460 4938 manifestum
477 4892 532 4949 est,
556 4900 590 4939 ne
613 4884 678 4953 iuga
694 4900 749 4939 ser·
801 4882 879 4938 lartio
904 4898 964 4937 eum
987 4881 1149 4951 susceperit,
1172 4888 1279 4951 praetor
1301 4881 1389 4951 ipsum
1410 4882 1477 4937 duos
1494 4881 1608 4935 veltres

106 4953 169 5007 uinis
193 4953 250 5005 suis
273 4968 306 5006 ex
324 4968 490 5020 quincumque
513 4968 596 5007 causa
611 4952 659 5005 liat
676 4952 750 5005 dom·
801 4952 869 5006 alios
892 4952 932 5005 rei
955 4950 1118 5020 praedictam
1141 4950 1352 5004 aestimationem
1374 4965 1424 5018 pro
1450 4963 1609 5018 unoquoque

106 5022 119 5074 t.
150 5035 166 5073 s
197 5020 233 5074 id.
261 5020 323 5075 Dec.
350 5019 476 5075 Muciano
510 5034 537 5074 11
569 5029 597 5076 ct
621 5020 750 5089 Aquilino
801 5019 907 5074 domino
930 5022 1126 5087 repraesentet:
1148 5018 1176 5071 in
1193 5018 1325 5072 minomm
1342 5032 1457 5086 persona
1473 5016 1608 5070 tutoribus

637 5091 750 5152 [122861
801 5092 817 5140 2
851 5087 892 5141 sei
918 5086 1087 5141 curatoribus
1111 5100 1200 5154 poena
1225 5085 1303 5140 simili
1328 5084 1489 5139 imminente.
1531 5082 1609 5151 Quod

106 5156 163 5211 An.
181 5162 207 5210 et
226 5154 274 5210 t‘e.
293 5155 468 5227 Pompeiano.
501 5155 665 5224 Requirendi
681 5154 750 5223 iugi·
800 5154 825 5209 si
841 5154 876 5210 ad
893 5155 1057 5223 praedictam
1075 5168 1188 5221 poenam
1205 5153 1357 5207 soluendam
1374 5152 1398 5205 is
1416 5152 1461 5219 qni
1481 5166 1607 5231 suscepe-

106 5228 186 5278 latem
203 5224 262 5277 lieri
285 5224 398 5279 dominis
420 5224 578 5293 praesidalis
601 5223 684 5279 cilicii
700 5226 750 5277 est.
800 5222 837 5276 rit
853 5222 959 5276 minime
975 5220 1101 5285 sufficiat,
1120 5221 1304 5276 aestimatione
1321 5234 1379 5275 com
1399 5218 1494 5273 etentis
1512 5218 1608 5273 iudicis

120 5291 186 5347 Mei.
206 5291 254 5348 CC.
273 5309 359 5347 conss.
636 5296 671 5357 [a
690 5294 750 5356 tat]
800 5294 816 5344 3
851 5290 990 5359 castigatio
1010 5289 1039 5344 in
1062 5304 1123 5344 eum
1145 5289 1283 5356 procedat.
1317 5236 1398 5355 Quoi
1419 5286 1551 5343 sincrum
1568 5287 1608 5341 in·

1120 5398 1435 5411 u—-q-——n-um—-A-
1446 5402 1496 5409 -ιιι-
1514 5402 1601 5409 -um

112 5474 169 5528 tua
203 5465 236 5527 (2)
254 5467 290 5516 eie
306 5464 383 5525 PCR,
397 5464 523 5514 minorum
542 5462 589 5514 VL
623 5464 657 5526 (t)
671 5462 698 5513 Β
708 5464 748 5523 39,
800 5463 846 5525 (lo)
863 5458 906 5511 scd
923 5460 1015 5511 colloco
1032 5470 1088 5509 oute
1105 5459 1127 5508 si
1144 5474 1195 5522 qua
1211 5457 1288 5510 laesio
1333 5459 1377 5523 (11)
1394 5472 1412 5507 v
1429 5476 1474 5509 oso.
1492 5460 1516 5521 2,
1534 5468 1567 5521 tt,
1585 5468 1608 5516 2.

106 5560 139 5571 -
155 5534 193 5601 cs.
207 5534 268 5601 Dte.
282 5535 350 5596 tus
410 5534 444 5596 (t)
460 5533 497 5583 sie
517 5532 543 5592 0,
562 5530 677 5582 dederint
702 5530 750 5580 VR
799 5531 824 5592 a,
837 5539 871 5593 ts,
884 5540 913 5581 as
964 5528 1009 5590 (ta)
1028 5527 1054 5578 B
1068 5530 1108 5591 ot,
1123 5537 1143 5579 t.
1155 5554 1187 5565 -
1201 5528 1239 5595 οἱ.
1257 5527 1318 5595 Dip.
1339 5528 1378 5589 tl,
1396 5537 1409 5578 t
1460 5526 1506 5592 (ts)
1524 5527 1560 5577 εἰς
1577 5526 1606 5576 S.

120 5600 305 5652 nominaverint
321 5600 348 5651 R
413 5606 449 5666 (a)
466 5602 502 5653 sic
526 5600 615 5651 chn
632 5600 668 5662 B,
686 5600 711 5649 ct
727 5598 750 5649 si
798 5598 875 5664 impp.
893 5598 972 5647 const
988 5598 1015 5646 ot
1031 5594 1100 5648 licin.
1119 5610 1157 5645 aa.
1174 5594 1248 5647 LCR
1265 5614 1317 5647 cun
1337 5594 1381 5648 st.
1391 5597 1416 5658 4,
1428 5602 1485 5659 11,1
1502 5596 1536 5661 (α.
1551 5594 1607 5661 414),

106 5671 122 5721 ut
138 5670 288 5736 repetituros
305 5671 352 5722 ins.
372 5668 418 5723 CR
504 5672 538 5735 (t)
556 5668 617 5733 ipsis
633 5667 685 5719 00.
701 5686 748 5719 rer.
798 5684 862 5732 quus
879 5666 916 5717 ad
930 5664 1029 5719 unda
1046 5663 1152 5717 stubam
1170 5666 1232 5719 tiolo
1247 5664 1343 5717 uidam

106 5743 171 5805 tn,
189 5748 212 5792 s.
235 5741 260 5805 5,
276 5749 310 5805 tr,
328 5748 356 5793 to
458 5737 494 5805 (a)
517 5737 587 5790 datio
609 5736 750 5791 Humano
