3832 6126
65 283 113 331 nr
133 280 321 332 sumimus
341 281 379 331 iis
399 280 505 330 mnus
861 259 921 349 iti
1541 267 1605 335 xii
1628 271 1675 336 ii.
1697 271 1740 335 21)

67 450 185 504 denium
203 465 318 518 aeqnnin
330 453 358 503 et
374 450 476 504 iustum
491 449 596 503 initium
613 447 705 502 futuro
724 453 879 518 praestant¹
929 449 1035 504 troduci
1052 455 1185 504 vetamus:
1204 450 1301 505 ceteris
1319 451 1423 505 scilicet
1436 451 1579 507 summotis
1592 451 1740 507 smcn‘onis

70 524 80 572 1
119 519 267 572 certamini.
310 517 349 570 lit
375 519 502 586 quoniam
527 517 726 586 probatioribus
752 517 879 585 exemplis
930 517 1057 585 capitulis
1074 519 1103 572 in
1119 534 1169 573 suo
1187 520 1284 573 robore
1301 520 1491 587 permansuris.
1625 523 1739 586 (11.521]

67 602 148 655 quain
165 586 307 639 indecorae
325 585 512 639 consuetudini
530 585 625 639 deceat
641 584 787 650 indulgeri,
807 586 879 654 quod

65 655 95 708 iii
111 655 236 707 universo
254 653 353 707 scrinio
377 654 608 707 devotissimorum
630 653 806 706 libellensium
824 654 878 707 eri·

66 722 137 775 cusa
160 725 338 784 monstratur,
361 721 389 774 id
412 722 440 774 in
457 721 594 774 adiutores
616 735 710 774 sacrae
727 721 878 787 memoriae,
1289 726 1378 787 ΧΗ

65 803 204 844 sacrarum
219 789 299 842 atiani
312 789 486 857 epistularum
499 787 715 842 transferendum
730 803 877 854 censemus,
1106 825 1153 875 DE
1171 825 1366 876 AGENTHtUS
1384 827 1422 876 lll
1439 826 1549 877 mus

66 862 105 920 nt,
123 857 168 925 qui
182 857 294 910 liberam
307 857 495 924 proficiscendi
508 856 644 910 licentiam
659 857 878 924 pronuntiatione
1551 863 1557 877 ·

66 930 231 978 commeatus
240 924 342 992 indepti
356 924 465 988 inerint,
483 924 542 979 aine
551 924 670 992 qualibet
684 923 877 991 stipendiorum
963 921 977 980 1
1003 922 1133 996 '’liuppp.
1144 923 1280 979 Arcudm
1291 924 1433 980 Honorias
1444 934 1470 980 et
1481 925 1647 981 lbeodosins
1656 926 1738 980 Ain.

66 1001 115 1044 aut
131 993 368 1044 emolumentorum
386 991 546 1045 deductione
567 1006 679 1072 peregre
697 992 804 1058 degam,
822 996 876 1046 ete·
927 990 1070 1045 Anthemio
1094 994 1227 1062 magistro
1250 993 1416 1062 officiorum.
1461 994 1558 1047 Nullus
1586 994 1617 1048 de
1645 995 1738 1048 schola

66 1061 138 1112 nim²
155 1076 204 1127 pro
223 1067 342 1126 tempore
359 1059 421 1112 viris
440 1060 594 1113 clamssimis
618 1060 746 1126 proximis
768 1066 797 1113 et
813 1060 876 1114 nicl-
927 1061 1061 1127 agentium
1082 1060 1109 1113 iii
1134 1061 1214 1114 rebus
1237 1060 1270 1114 de
1294 1067 1383 1114 cetero
1402 1064 1490 1116 locuni
1511 1063 1609 1115 mortui
1627 1069 1740 1116 conetur

66 1127 222 1196 loprorimis
246 1130 295 1180 aut
321 1143 411 1179 eorum
434 1127 602 1181 adiutoribus
629 1127 769 1181 absentiae
795 1143 878 1181 causa
927 1127 1063 1192 invadere,
1083 1128 1130 1181 aed
1147 1128 1184 1190 is,
1203 1129 1249 1195 qui
1262 1128 1353 1182 ordine
1367 1130 1560 1197 stipendiorum
1572 1135 1600 1182 et
1616 1131 1738 1183 laborum

65 1197 107 1248 iel
123 1195 220 1248 offerre
235 1195 268 1246 de
283 1211 333 1248 suo
351 1195 460 1263 proprio
476 1201 523 1248 aut
537 1211 571 1248 ex
586 1196 700 1248 annonis
714 1200 762 1249 aut
776 1197 876 1264 stipen·
927 1195 1023 1248 merito
1041 1195 1076 1248 ad
1099 1196 1209 1262 gradum
1228 1195 1338 1250 militiae
1356 1201 1528 1265 sequebatur,
1551 1198 1641 1251 statim
1659 1201 1740 1265 atque

66 1262 117 1316 diis
136 1263 277 1329 quicquain
294 1262 443 1330 relinquere
461 1263 581 1331 cogendi,
599 1264 718 1331 quamvis
735 1264 877 1317 lanuarias
926 1264 1003 1316 illuni
1026 1263 1084 1316 iata
1106 1264 1284 1317 subduxerint
1301 1265 1327 1316 in
1351 1265 1408 1318 eius
1431 1265 1549 1333 praemia
1567 1266 1738 1333 percipienda

65 1329 195 1383 kalendas
209 1330 339 1382 indultum
356 1330 468 1384 excedat
482 1331 599 1398 spatiuin
614 1337 641 1383 et
655 1330 766 1383 intrare
779 1331 876 1384 iestum
927 1331 1058 1384 succedat
1082 1331 1154 1385 omni
1181 1331 1337 1399 obreptione
1369 1338 1500 1387 cessante.
1550 1332 1583 1386 i).
1610 1333 1686 1410 prid.
1710 1332 1736 1387 lr.

65 1403 82 1451 2
116 1397 203 1451 diem³
229 1399 373 1451 contineat.
423 1398 467 1451 ild
491 1399 559 1451 haec
585 1397 652 1451 illud
679 1399 877 1452 observandum
928 1397 980 1452 lul.
1001 1399 1237 1470 Constantinopoli
1261 1396 1389 1453 Honorio
1412 1406 1443 1454 A.
1468 1415 1497 1454 ri
1518 1408 1545 1455 et
1567 1402 1737 1455 Aristaeneto

65 1466 214 1527 sancimus,
242 1481 275 1519 ue
300 1466 370 1518 alius
396 1466 504 1519 adiutor
529 1467 656 1534 propter⁴
682 1482 876 1534 quamcumque
927 1482 1015 1520 cerus.
1623 1473 1657 1532 [a.
1677 1473 1736 1532 iol]

64 1533 237 1586 ambitionem
252 1533 302 1596 bis,
336 1533 364 1586 ui
378 1533 406 1586 iii
420 1535 555 1600 praesenti
565 1540 636 1599 sunt,
652 1534 693 1587 vel
709 1540 771 1601 post
784 1549 877 1588 eorum
961 1532 981 1590 2
1011 1532 1108 1588 ¹³Idem
1134 1534 1240 1588 Aina
1267 1533 1379 1589 Helleni
1409 1538 1541 1606 magistro
1568 1537 1753 1606 officiorum.v

64 1601 270 1654 deminutionem
288 1601 322 1654 ad
358 1608 411 1665 tur,
429 1602 492 1657 licet
508 1603 537 1656 iii
550 1609 663 1656 veterem
680 1617 818 1656 numerum
833 1618 875 1656 re·
926 1601 1000 1655 Nulli
1018 1603 1131 1671 posthac
1146 1602 1203 1655 sine
1218 1609 1327 1656 nostrae
1342 1604 1488 1658 maiestatis
1503 1605 1666 1658 auctoritate
1683 1603 1738 1657 dis·

66 1670 141 1722 dacti
158 1670 266 1722 luerint.
927 1670 1047 1737 cingendi
1075 1675 1197 1736 agentem
1222 1671 1250 1722 in
1276 1671 1370 1735 relius,
1397 1673 1464 1724 nulli
1491 1671 1623 1725 eximendi
1646 1678 1739 1740 pateat

101 1735 139 1792 15
166 1734 237 1807 ‘Imp
261 1780 265 1789 .
292 1735 462 1791 inclinaret
486 1734 655 1791 insumentes
677 1738 733 1792 An.
760 1737 876 1791 Yuticno
927 1739 1017 1805 copia:
1040 1754 1102 1791 nam
1126 1737 1242 1805 probata
1260 1739 1353 1791 schola
1371 1744 1398 1790 et
1419 1739 1676 1793 animadversionem
1693 1755 1737 1792 re·

63 1805 197 1874 magisne
214 1755 377 1874 efficiemini.
413 1806 509 1859 Certae
524 1805 631 1873 quidem
643 1810 709 1858 sunt
723 1804 875 1885 dispositio·
926 1806 980 1858 reri
997 1805 1093 1859 iudicis
1110 1814 1138 1858 et
1154 1805 1254 1882 nullam
1273 1805 1353 1859 debet
1370 1807 1463 1860 timere
1478 1807 1665 1861 contumeliam
1679 1807 1737 1860 iili-

64 1887 113 1925 nes
131 1872 216 1925 nostri
234 1873 358 1935 numinis,
377 1889 444 1942 quas
462 1888 545 1941 super
561 1873 729 1927 adiutoribus
746 1875 796 1925 viii
813 1874 875 1927 illu·
926 1874 999 1926 tatis.
1040 1872 1074 1926 l).
1094 1887 1135 1925 iii
1156 1873 1192 1925 nt.
1217 1872 1285 1927 lico.
1311 1876 1548 1945 Constantinopoli
1572 1875 1699 1929 Honorio
1718 1890 1739 1929 r

64 1941 129 1994 stris
147 1956 197 2007 pro
215 1944 335 2008 tempore
360 1942 510 2009 quaestoris
528 1941 612 1994 nostri
654 1941 744 2004 alatii,
780 1955 875 1995 uorum
926 1948 952 1995 et
972 1940 1122 1995 ibeodosio
1148 1954 1178 1992 ri
1193 1940 1249 1994 An.
1269 1956 1355 1994 conss.
1622 1947 1656 2006 [a.
1675 1947 1736 2006 115]

66 2013 78 2060 1
107 2008 235 2074 obsequio
250 2023 294 2061 res
307 2009 396 2076 agitur
410 2009 571 2077 quaestoria,
590 2008 622 2062 de
641 2010 733 2061 imnr‘.
756 1958 875 2076 &uarum
961 2005 980 2065 3
995 2007 1064 2080 Imp.
1075 2008 1131 2062 Leo
1141 2009 1172 2061 A.
1183 2007 1307 2061 Patricio
1316 2009 1449 2079 inagistro
1459 2009 1623 2079 officiorum.
1642 2008 1737 2064 Matri·

63 2075 270 2143 primoquidem
281 2075 316 2129 ad
330 2077 553 2145 supplicationem
568 2075 712 2130 eorundem
722 2076 874 2131 adiuturum
927 2077 1014 2130 culam
1032 2082 1156 2143 agentum
1174 2077 1202 2128 in
1219 2076 1330 2129 rebiisa
1348 2083 1394 2130 tua
1412 2077 1569 2130 celsitudine
1588 2078 1737 2131 confectam

64 2145 163 2197 emissa
181 2145 309 2196 ιιιιιιιιιιο1
327 2158 428 2209 eorum,
446 2145 491 2213 qui
509 2151 587 2197 erant
606 2144 651 2198 illo
668 2148 803 2223 tempore,
822 2161 875 2213 quo
926 2144 1097 2198 admittentes
1120 2144 1255 2207 iubemus,
1280 2159 1313 2198 nc
1331 2144 1467 2198 ducenarii
1487 2145 1549 2212 plus
1573 2161 1652 2212 quain
1671 2160 1737 2213 qna·

63 2211 259 2332 {feffimnffl
273 2211 437 2331 obrgulceruigt,
455 2226 547 2332 nequtiz
559 2212 681 2291 aliquem·
692 2213 772 2292 exinii
789 2227 874 2279 aeque
926 2212 1127 2331 dragintamocto
1140 2226 1172 2333 lli}
1191 2212 1304 2291 cingulis
1327 2212 1479 2332 (liisbeapitur
1495 2212 1524 2291 in
1542 2220 1691 2278 posterum:
1710 2221 1738 2333 ξι

63 2296 158 2400 ,ilii
175 2295 530 2426 isaiiiiniliii’iilii
548 2295 874 2426 (1111111112
925 2295 1045 2415 llilsll
1058 2295 1524 2414 ,lininlisisinlisis
1538 2296 1738 2417 illilliln

62 2416 119 2468 riae
136 2414 177 2468 vei
194 2413 229 2466 ad
247 2415 393 2468 secundum
408 2416 497 2469 locuni
514 2431 542 2469 in
560 2415 665 2469 duobus
683 2416 743 2468 aliis
761 2416 875 2479 scriniis,
926 2416 1097 2468 biarchorum
1115 2430 1211 2467 nomen
1230 2416 1405 2483 meritumque
1422 2416 1531 2469 ducenti
1546 2417 1738 2484 quinquaginta

63 2482 90 2535 id
110 2488 150 2535 eit
167 2497 306 2536 sacrarum
321 2482 497 2552 epistularum
514 2498 707 2550 sacrorumque
724 2483 874 2536 libellorum
925 2483 973 2536 viri
992 2482 1139 2545 dumtaxat,
1158 2488 1297 2549 praeterea
1315 2483 1470 2536 circitorum
1487 2483 1602 2537 trecenti
1619 2492 1647 2536 et
1663 2487 1736 2553 equi·

62 2555 91 2602 et
109 2550 296 2617 cognitionum,
315 2557 457 2618 provectus
475 2550 569 2603 inerit:
589 2566 651 2604 nain
668 2551 711 2603 bis
729 2550 810 2604 licere
828 2551 873 2604 de·
928 2556 938 2604 1
976 2555 1032 2603 tuin
1050 2549 1236 2617 quadringenti
1254 2551 1447 2618 quinquaginta
1470 2551 1607 2618 impleant
1643 2551 1684 2604 Sit
1707 2553 1736 2605 iii

62 2618 220 2671 sistentibus
244 2617 278 2670 ab
308 2618 438 2671 adiutoris
465 2617 555 2672 oiiicio
582 2618 649 2671 alios
676 2630 724 2686 pro
751 2633 780 2671 se
806 2633 873 2684 qnos
924 2621 1063 2672 aeternum
1086 2617 1133 2670 illa
1155 2632 1261 2685 quoqne
1283 2618 1338 2670 iira
1356 2618 1513 2686 stabilisque
1538 2625 1600 2672 tuae
1618 2620 1736 2672 sublimi·

63 2685 195 2738 voluerint
212 2685 347 2738 adiutores
371 2687 517 2753 subrogare
540 2687 662 2739 ultimum
687 2687 774 2739 locuni
793 2686 820 2739 in
838 2687 874 2739 is·
924 2687 988 2740 tatis
1007 2685 1154 2753 dispositio,
1172 2691 1211 2748 ut,
1230 2685 1253 2738 si
1271 2687 1329 2752 quis
1345 2685 1378 2738 de
1392 2702 1503 2739 numero
1522 2686 1735 2753 ducenariorum,

63 2753 123 2806 dem
141 2752 310 2806 adiutoribus
329 2753 495 2815 obtenturos,
514 2755 577 2808 licet
594 2753 759 2822 superiorem
774 2755 802 2807 iii
820 2769 873 2807 me·
925 2770 992 2822 qnos
1028 2753 1256 2820 usdragintaocto
1273 2753 1415 2819 quotannis
1430 2769 1489 2807 esse
1504 2755 1665 2820 censuimus,
1681 2756 1736 2808 ior·

64 2829 79 2873 2
114 2820 270 2874 morialibus
299 2820 424 2874 habeant.
468 2823 579 2875 Altera·
604 2837 667 2874 sero
694 2835 747 2889 per
769 2836 874 2875 sacram
924 2823 995 2876 sitan
1010 2771 1046 2874 {a
1063 2821 1123 2874 luce
1141 2821 1299 2887 migraverit,
1317 2821 1440 2874 laborum
1459 2823 1516 2875 eius
1540 2822 1657 2875 iructum
1675 2838 1736 2876 suc·

62 2883 255 3010 pragmaticam
273 2887 411 2953 iactaest,
430 2904 572 2957 perquam
591 2889 713 2942 excelsae
731 2891 874 2943 memoriae
925 2903 1045 2943 cessores
1071 2889 1106 2941 ab
1132 2889 1259 2942 intestato
1285 2890 1327 2942 rel
1354 2905 1387 2942 ex
1413 2894 1574 2943 testamento
1601 2891 1736 2944 venientes

85 2955 177 3010 rocula
203 2956 280 3010 riro⁹
306 2961 465 3024 suggerente
484 2957 671 3025 praecepimus
702 2957 763 3010 illos
795 2957 874 3010 etiam
924 2957 1039 3010 luctui¹⁵
1064 2956 1235 3024 dispensent,
1267 2961 1296 3010 et
1322 2957 1361 3010 ita
1386 2957 1509 3010 omnibus
1536 2958 1605 3010 inter
1631 2963 1736 3012 ceteros

61 3025 197 3077 adiutores
215 3025 339 3092 possein
358 3040 436 3079 suurn
453 3025 542 3078 locum
550 3027 571 3057 ¹⁰
589 3025 656 3078 nlios
673 3023 808 3088 inducere,
828 3026 874 3093 qui
924 3024 1082 3093 superstites
1100 3024 1238 3092 potiantur
1256 3025 1373 3090 solaciis,
1394 3030 1529 3091 tamquam
1548 3025 1571 3078 si
1589 3025 1673 3086 virus,
1691 3026 1737 3094 qui

61 3108 110 3160 per
131 3091 246 3158 aliquem
270 3092 410 3145 fortuitum
437 3107 527 3146 cesum
550 3092 638 3145 minus
662 3092 773 3160 implere
797 3108 873 3145 snum
924 3093 991 3145 baec
1009 3091 1101 3145 eadem
1119 3092 1164 3144 diu
1182 3099 1343 3159 speraverat,
1362 3093 1468 3145 sibimet
1485 3092 1660 3146 vindicasset:
1684 3109 1737 3160 qua

62 3159 306 3222 oiiiciumraleaut,
324 3161 407 3212 relutl
424 3160 527 3213 senium
542 3161 584 3213 rel
600 3160 721 3213 morbum
738 3160 779 3213 rel
793 3160 874 3213 aliam
924 3160 958 3214 de
974 3174 1057 3213 causa
1080 3160 1168 3212 locum
1186 3161 1265 3212 etiam
1289 3160 1347 3213 sius
1368 3175 1555 3213 successorum
1572 3161 1672 3213 intuitu
1689 3177 1735 3214 va·

61 3227 242 3280 necessariam
266 3242 390 3280 causam:
419 3228 489 3294 quod
515 3242 549 3280 ex
575 3228 696 3295 ipsorum
722 3228 874 3281 adiuturum
924 3234 939 3280 2
975 3243 1037 3280 care
1055 3227 1202 3281 conveniet.
1244 3227 1328 3280 Nemo
1352 3234 1441 3280 autem
1459 3227 1517 3281 sine
1540 3228 1619 3281 divali
1637 3229 1735 3295 proba-

60 3295 190 3364 petitionc
207 3295 276 3347 idern
294 3294 451 3361 magnificae
465 3295 607 3348 memoriae
624 3295 754 3348 Proculus
773 3295 807 3348 ad
824 3311 874 3349 nos
924 3296 1002 3356 toria,
1039 3311 1102 3349 uam
1117 3295 1224 3348 codices
1238 3295 1265 3348 in
1280 3310 1357 3348 sacro
1372 3300 1465 3349 nostro
1479 3296 1578 3349 sonnio
1592 3297 1736 3350 memoriae

61 3368 77 3416 ³
112 3362 224 3416 rettulit.
259 3362 312 3415 Sed
328 3362 356 3415 iii
374 3365 522 3430 praesenti,
547 3365 581 3416 ab
599 3363 658 3416 aliis
675 3363 874 3418 memorialibus
943 3364 1004 3417 ositi
1021 3312 1138 3417 gebenn
1153 3363 1321 3416 inserendam
1338 3363 1469 3430 accipere,
1488 3363 1647 3417 militaribus
1664 3364 1734 3417 eius-

60 3435 116 3484 tam
133 3431 161 3483 in
175 3430 273 3483 scrinio
288 3444 383 3484 sacrae
399 3431 542 3484 memoriae
560 3447 638 3500 quain
652 3430 680 3484 in
696 3432 791 3485 ostent
806 3432 873 3485 duo·
924 3381 982 3485 Beni
1008 3430 1196 3485 devotissimae
1221 3431 1331 3484 scholae
1356 3430 1496 3498 stipendiis
1523 3431 1565 3484 iel
1590 3431 1735 3499 privilegiis

60 3499 113 3552 bus
136 3513 274 3550 sacrarum
301 3498 476 3566 epistularum
503 3514 694 3566 sacrorumque
723 3500 874 3554 libellorum
924 3501 1050 3568 potiatur.

61 3572 89 3619 et
106 3566 286 3632 cognitionum
309 3565 401 3619 relatis
423 3566 489 3619 aditi
514 3567 693 3634 comperimus
714 3567 873 3620 deminutio·
960 3566 1072 3622 distein
1090 3568 1122 3620 A.
1141 3565 1264 3620 Patricio
1282 3567 1415 3637 magistro
1434 3567 1601 3635 officiorum.
1633 3566 1677 3619 Er
1694 3581 1735 3631 eo,

60 3649 121 3688 neni
139 3634 284 3687 eorundem
306 3634 461 3686 adiuturum
484 3634 606 3702 impediri
628 3649 678 3702 per
698 3640 874 3688 memoratam
924 3650 976 3702 quo
1000 3635 1114 3702 primum
1138 3635 1259 3688 ducenae
1277 3634 1318 3686 vel
1342 3635 1556 3688 centenariorum
1578 3634 1690 3700 gradum
1707 3633 1736 3688 in

59 3701 252 3822 ffirgmaticam
271 3700 436 3754 sanctionem
451 3708 479 3755 et
498 3702 609 3770 insuper
627 3700 786 3755 venditionis
807 3717 872 3770 quo·
923 3702 1016 3754 scliola
1034 3707 1158 3768 agenmm
1175 3703 1203 3755 in
1221 3703 1300 3756 rebus
1318 3702 1462 3755 militantes
1479 3703 1638 3763 meruerint,
1664 3702 1734 3755 desi·

96 3768 201 3822 minodo
223 3772 361 3822 memorati
379 3769 462 3822 oliicii
484 3770 573 3823 locum
598 3768 781 3822 introductum
805 3785 872 3823 erse.
923 3775 989 3822 nant
1006 3769 1034 3822 iii
1052 3770 1235 3822 sacratissima
1247 3769 1371 3822 videlicet
1388 3769 1495 3822 civitate
1512 3769 1652 3823 constituti
1664 3770 1732 3823 alte·

60 3840 123 3902 1(1)
141 3835 216 3903 Quod
235 3852 268 3889 ne
285 3835 319 3888 de
337 3840 427 3889 cetero
445 3837 501 3904 fiat,
519 3841 687 3906 praesentem
707 3836 873 3890 sanctionem
922 3838 978 3891 rius
997 3835 1093 3889 iudicis
1112 3836 1255 3890 cuiuslibet
1271 3837 1434 3890 auctoritate
1450 3837 1560 3904 pulsari,
1578 3838 1619 3890 rel
1636 3837 1665 3890 iii
1682 3837 1734 3891 alio

58 3904 94 3957 ad
112 3911 185 3956 tuam
205 3903 411 3970 magnitudinem
429 3905 567 3968 mittimus,
586 3918 634 3972 per
652 3919 731 3971 quam
749 3904 872 3958 iubemus
922 3904 1043 3973 quolibet
1060 3905 1182 3957 examine
1218 3910 1386 3972 raeterquam
1399 3905 1447 3957 riri
1465 3904 1598 3972 magnifici
1617 3904 1735 3972 magistri

58 3973 112 4026 illis
137 3971 321 4024 tantummodo
347 3973 507 4040 permissum
533 3987 592 4025 esse
624 3971 771 4025 secundum
796 3973 872 4040 prius
922 3972 1073 4026 ciliciorum
1091 3978 1119 4025 et
1136 3971 1180 4025 cui
1197 3920 1311 4026 forsitan
1325 3973 1383 4039 ipsc
1402 3972 1565 4026 concesserit
1582 3973 1733 4026 senonibus

59 4046 169 4094 nostrae
195 4038 348 4092 serenitatis
372 4041 531 4108 rescriptum
549 4041 616 4093 alios
639 4039 667 4092 in
686 4054 763 4092 suuni
781 4041 871 4093 locum
922 4041 963 4093 sui
981 4041 1094 4108 quisque
1108 4039 1254 4093 adversarii
1269 4040 1441 4107 respondere.
1469 4040 1540 4108 qnod
1556 4041 1734 4107 multomagis

59 4109 221 4175 submgare,
245 4107 290 4227 qui
312 4108 354 4161 rel
376 4108 561 4162 laterculensis
585 4107 697 4174 gradinn
720 4107 747 4160 iii
772 4109 871 4161 scrinio
921 4108 948 4160 iii
967 4107 1148 4161 criminalibus
1168 4107 1256 4160 causis
1275 4107 1411 4161 observari
1435 4107 1615 4160 decernimus:
1638 4107 1734 4161 absur-

58 4176 201 4229 memoriae
217 4190 248 4228 ie
272 4175 418 4228 secundum
428 4175 518 4229 locum
532 4177 560 4229 iii
576 4175 635 4228 aliis
649 4175 755 4228 duobus
766 4175 871 4228 scriniis
922 4175 984 4228 dum
1002 4183 1044 4229 est
1061 4175 1138 4242 enirn,
1157 4175 1232 4227 utin
1251 4175 1308 4227 eius
1322 4175 1436 4227 salutem
1453 4176 1493 4227 iel
1512 4176 1733 4228 existimationem

57 4243 149 4323 adepti
166 4242 281 4305 fuerint,
306 4243 424 4296 secunda
447 4248 540 4296 nostra
558 4244 696 4296 sanctione
720 4257 802 4309 super
820 4243 871 4295 boe
920 4244 1008 4296 valeat
1025 4244 1164 4311 qnisquam
1182 4244 1303 4311 prolerre
1321 4242 1495 4302 sententiam,
1514 4242 1590 4295 cuius
1609 4243 1642 4296 de
1661 4243 1735 4296 nulla

58 4311 176 4379 capitulo
195 4310 229 4363 de
246 4317 336 4364 cetero
354 4317 490 4364 cessante:
510 4310 575 4363 nulli
594 4311 683 4364 danda
700 4310 808 4363 licentia
825 4326 870 4364 eo·
923 4316 934 4363 1
971 4325 1001 4364 re
1018 4313 1104 4378 possit
1120 4311 1276 4379 pecuniaria
1292 4309 1419 4363 iudicare.
1447 4309 1533 4362 liuius
1547 4316 1636 4363 autem
1654 4311 1733 4364 bene·

57 4377 169 4432 rundem
193 4378 359 4440 adiuturum,
386 4384 574 4446 praeterquam
600 4378 624 4431 si
649 4379 684 4431 ad
709 4384 870 4431 memoratos
921 4377 975 4431 ficii
992 4379 1207 4446 praerogativam
1232 4377 1418 4431 subadiuiis¹⁰
1442 4379 1535 4441 etiam,
1560 4378 1605 4443 qni
1623 4379 1734 4445 singulis

56 4445 156 4514 gradus
174 4446 359 4511 adscenderit,
380 4445 461 4499 alium
480 4462 529 4514 pro
547 4461 577 4499 se
594 4445 678 4499 isdem
702 4445 871 4499 adiutoribus
922 4446 1093 4499 inveniuntur
1117 4446 1295 4512 temporibus,
1314 4445 1412 4498 deterri
1429 4445 1565 4507 iubemus,
1583 4445 1647 4498 licet
1663 4448 1734 4500 lianc

57 4530 91 4567 ex
116 4528 286 4582 quocumque
312 4513 423 4567 fortuito
450 4528 516 4567 casu
543 4528 749 4573 connumerare,
783 4520 813 4566 ut
838 4529 870 4568 eo
922 4513 951 4566 iii
968 4529 1059 4567 coium
1078 4528 1195 4580 persona
1208 4528 1281 4566 more
1313 4517 1501 4579 uoqnesetere
1516 4512 1618 4566 serini
1635 4528 1733 4580 cogno·

57 4580 189 4635 modoad
211 4586 326 4634 veterem
348 4595 487 4634 numerum
510 4581 580 4635 idem
604 4582 740 4635 adiutores
759 4582 871 4635 redeant
923 4582 1051 4635 ierimus:
1071 4588 1101 4634 ut
1119 4586 1208 4633 tamen
1222 4529 1450 4648 postfflepositnm
1467 4579 1586 4633 osticium
1604 4595 1733 4634 memora·

56 4658 85 4703 et
111 4649 252 4703 duodecim
280 4647 385 4716 quidem
411 4649 439 4702 in
472 4649 570 4703 samnio
598 4664 692 4702 sacrae
719 4650 869 4714 memoriae,
922 4654 994 4712 tum,
1013 4649 1036 4702 si
1054 4664 1107 4702 non
1126 4650 1195 4701 inter
1213 4649 1381 4702 centenarios
1399 4654 1581 4713 numerentur,
1601 4649 1734 4701 communi

56 4717 161 4798 septeni
184 4731 245 4770 iero
268 4715 297 4768 in
320 4716 379 4769 aliis
402 4716 508 4770 duobus
533 4717 597 4778 sint,
622 4717 649 4769 iil
673 4723 715 4770 est
731 4732 870 4770 sacrarum
923 4722 937 4770 2
973 4717 1025 4770 iain
1047 4718 1104 4784 lege
1127 4715 1289 4783 respondere
1312 4731 1366 4769 non
1389 4717 1532 4783 ambigant.
1577 4715 1734 4770 Praedictas

56 4786 231 4853 epistularum
248 4797 442 4852 sacrorumque
464 4785 614 4838 libellorum
633 4790 661 4838 et
678 4785 869 4852 cognitionum.
922 4790 1010 4837 auteni
1035 4799 1126 4837 omnes
1150 4781 1365 4836 centenariorum
1392 4799 1522 4863 personas
1545 4782 1573 4837 in
1597 4783 1735 4852 provincia

56 4857 118 4916 ιι(2)
152 4853 201 4905 lllo
219 4851 343 4905 videlicet
360 4852 535 4917 observando,
559 4868 593 4906 ue
611 4853 680 4906 alius
698 4855 805 4906 adiutor
822 4867 872 4921 per
922 4857 1043 4919 repertas
1073 4866 1202 4905 concessa
1228 4866 1299 4904 nunc
1325 4850 1436 4919 speciali
1461 4850 1514 4903 fori
1540 4851 1734 4918 praerogativa,

55 4934 250 4989 quamcumque
273 4918 446 4971 ambitionem
469 4920 512 4974 his
534 4921 580 4987 qui
604 4921 631 4973 iii
654 4922 788 4988 praesenti
806 4923 871 4974 sunt
921 4920 974 4972 nisi
996 4919 1121 4987 publicae
1144 4919 1323 4973 assentieris
1347 4918 1499 4972 sollicitudo
1523 4918 1566 4972 his
1583 4919 1735 4972 iniuncta¹¹

55 4988 96 5041 sel
118 4994 181 5056 post
203 5002 296 5041 eorum
313 4987 531 5052 deminutionem,
556 4989 620 5041 lieet
641 4988 802 5042 insisterem
820 5004 869 5040 nu·
922 4988 972 5050 sit,
991 4988 1029 5041 uti
1048 4987 1219 5056 probibemus
1236 5001 1335 5057 eosque
1353 4986 1548 5039 ordinariorum
1567 4986 1647 5039 etiam
1664 4987 1734 5039 iudi·

55 5071 157 5110 merum
176 5054 279 5110 redacti
297 5054 405 5117 inierint,
424 5055 554 5109 addatur:
574 5072 636 5109 nani
655 5057 678 5109 si
696 5056 869 5136 permutatio·
922 5071 981 5108 cum
1000 5071 1049 5122 pro
1067 5059 1155 5108 vetere
1173 5055 1232 5108 iure
1247 5054 1384 5108 sententiis
1399 5053 1526 5107 oboedire
1544 5053 1732 5122 praecipimus.

54 5139 130 5188 nem,
148 5122 339 5177 licet-fortuito
356 5137 434 5176 casus
450 5123 606 5189 inciderint,
626 5123 764 5191 prohiberi
779 5124 870 5191 dispo·
956 5121 1078 5185 thXl,
1099 5122 1127 5186 1)
1155 5120 1251 5176 ¹¹Iiiem
1269 5123 1302 5175 A.
1320 5119 1444 5174 Patricio
1468 5137 1512 5174 ma
1532 5122 1600 5175 istro
1625 5122 1733 5192 officio·

54 5191 274 5256 iuinui‚nu1to
293 5190 377 5257 magis
395 5190 530 5258 prioribus
548 5191 720 5246 manentibus
742 5191 811 5245 alios
829 5191 869 5244 iii·
923 5207 991 5243 rain.
1027 5191 1144 5258 Agentes
1167 5190 1196 5243 in
1213 5191 1308 5253 rebus,
1333 5191 1380 5258 qui
1398 5202 1447 5258 per
1468 5204 1499 5242 or
1529 5203 1588 5243 neni
1606 5189 1734 5257 consequi

54 5365 212 5428 (ilpraestet
231 5365 262 5426 0,
284 5359 550 5425 sterilescunt
585 5362 620 5425 (ι)
639 5372 747 5428 expectes
764 5361 868 5412 minima
919 5361 964 5424 (ιι)
982 5385 1016 5406 2-
1037 5361 1081 5411 rt.
1100 5365 1124 5424 6,
1143 5373 1177 5421 ιι,
1196 5372 1220 5413 ιι
1290 5362 1337 5424 (ιι)
1354 5362 1486 5426 requiritur
1507 5360 1585 5427 impp.
1603 5361 1734 5412 Honorius

54 5433 89 5494 (ι)
108 5442 217 5498 rspertes
234 5445 280 5481 nec
298 5431 366 5481 intra
383 5431 474 5481 testum
491 5429 556 5479 diem
574 5445 600 5478 ie
660 5434 693 5492 (ι)
711 5433 814 5493 propter
831 5430 867 5492 K,
919 5433 944 5479 et
961 5428 1116 5480 Theodosius
1133 5432 1186 5479 llil.
1205 5430 1248 5495 (cs.
1267 5429 1324 5490 Ti.)
1360 5431 1404 5492 (is)
1422 5428 1503 5479 luctui
1521 5427 1643 5492 dommus,
1661 5429 1733 5481 iuotu

53 5500 197 5564 prisseio
265 5501 298 5564 (ιι)
317 5501 349 5563 cs.
370 5500 392 5559 1,
410 5509 473 5562 eno
541 5500 576 5559 (ιι)
594 5515 614 5548 o.
636 5500 665 5548 13
681 5515 720 5563 pr.
742 5505 754 5555 5
777 5500 785 5548 1
808 5498 831 5548 li.
850 5509 866 5549 t.
918 5497 947 5559 1,
964 5495 1060 5546 luctum
1079 5497 1127 5554 K0,
1152 5496 1251 5547 luorum
1273 5495 1313 5548 Ι(ὁ
1364 5499 1410 5559 (ιι)
1433 5496 1578 5547 subadiuria
1600 5499 1664 5561 edd,
1686 5496 1733 5547 snb

53 5568 89 5629 (ι)
106 5580 211 5617 numero
230 5568 294 5629 eiiii,
315 5579 447 5616 numerum
467 5565 506 5630 K,
523 5567 699 5616 munerumO
742 5566 777 5627 (s)
795 5583 815 5615 c.
836 5567 867 5617 iil
918 5564 976 5615 aliis
985 5562 1047 5628 ΚΡ,
1064 5565 1226 5616 sabana-inus
1236 5565 1273 5629 1⁶,
1291 5564 1452 5615 subaudimus
1469 5566 1508 5617 nel
1524 5564 1664 5615 subadultis
1676 5567 1732 5617 dett.

55 5635 97 5693 12
114 5635 165 5685 dt.
200 5639 235 5699 (a)
252 5635 306 5685 viro
324 5635 390 5696 dett,
408 5631 484 5683 rerbo
496 5635 525 5698 0,
544 5633 687 5683 verbumK
719 5635 765 5694 (ιιι)
784 5631 867 5683 locuni
918 5635 963 5697 (ιι)
980 5635 1016 5684 iic
1034 5635 1101 5698 dett,
1118 5634 1205 5684 innota
1223 5632 1268 5685 KI
1333 5634 1382 5696 (it)
1399 5634 1521 5685 rubricam
1539 5633 1569 5684 de
1586 5632 1734 5698 praepositis

59 5702 89 5763 ι),
108 5701 214 5753 crudum
232 5702 260 5755 li
318 5702 363 5767 (ιι)
381 5702 408 5752 Β
425 5705 454 5765 ιι,
472 5711 500 5754 ιι
566 5703 612 5766 (ιι)
629 5724 664 5747 -
684 5700 728 5752 Ti.
746 5703 771 5759 6.
789 5710 825 5765 ii,
842 5710 868 5754 ii
918 5700 1049 5766 mendum
1066 5702 1094 5752 in
1111 5701 1186 5754 istri
1202 5703 1265 5755 nab
1283 5703 1392 5756 inomni
1408 5702 1464 5753 edd.
