3832 6126
173 240 214 305 Vl
239 242 289 307 st.
313 242 353 307 38
855 340 924 351 —
983 232 1047 311 att
1287 258 1334 308 na
1354 258 1537 307 samonum
1554 257 1599 305 ar
1618 254 1729 305 amus
1748 254 1914 329 metz

208 423 249 483 Ὦ
268 425 338 498 Imp.
359 423 529 480 lastinianus
545 430 576 481 A.
596 426 693 482 ilo-rme
706 446 754 500 pp.
791 428 822 482 ln
845 430 986 483 annalibus
1009 434 1014 471 2
1036 427 1155 496 gneum.
1177 442 1227 481 nee
1250 427 1273 480 si
1296 427 1380 495 ipsam
1402 441 1457 479 rem
1480 440 1559 491 quam
1581 422 1683 494 pupillo
1703 422 1800 491 legarit
1851 446 1914 505 ,η

176 495 269 562 legatis
293 497 333 549 vel
357 494 581 555 fideicommissis.
605 511 674 563 qnae
698 504 811 549 testator
829 514 883 551 non
901 500 986 552 solum
1037 498 1183 550 substituto
1201 497 1257 548 eius
1275 498 1315 548 rel
1339 495 1429 561 legare
1447 493 1484 546 sel
1505 492 1733 547 fideicommittere
1749 491 1878 557 solu,
1888 517 1914 571 ι

176 571 267 617 certae
290 579 435 631 personne.
458 562 505 615 sed
524 564 602 615 etiarn
621 567 678 616 eius
696 564 838 618 heredibus
856 567 987 633 praestari
1010 626 1013 633 ,
1038 564 1070 618 n.
1083 578 1108 617 11
1125 563 1151 616 t:
1162 563 1228 616 allai.
1245 561 1481 631 Constantinopoli
1492 559 1748 632 postconsulatum
1761 556 1914 640 &¹54

175 631 274 696 soluit,
302 646 394 685 eorum
420 631 585 685 exactionem
612 633 734 686 omnibus
765 632 908 688 heredibus
943 638 986 687 et¹
1010 638 1013 695 l
1032 631 1114 703 padii
1131 646 1158 685 et
1176 631 1278 684 Orestis
1297 648 1333 684 ιϊ.
1353 646 1390 682 cc.
1729 631 1765 690 [a.
1782 630 1904 701 iii-:e

175 698 304 752 heredum
327 698 471 751 heredibus
493 701 646 753 conservari
690 717 720 754 ro
743 701 881 754 voluntate
903 708 986 755 testa·
1010 700 1014 761 l
1071 695 1460 767 sententiolarum».
1501 696 1529 749 si
1550 694 1697 763 legatarius
1718 693 1914 769 eahta,

176 767 244 820 toris
267 765 455 835 praecipimus.
497 767 648 820 illirici.
693 784 729 821 cc.
751 767 988 839 Constantinopoli
1037 774 1225 819 testamentum
1240 763 1903 855 etposteahocinlucememerserit,unp-t1

176 834 221 886 dn.
242 832 396 887 Instiniuno
415 836 446 887 A.
474 856 511 904 ip.
531 849 557 887 11
573 852 646 888 cons.
873 842 986 900 [(1.515]
1037 835 1072 887 sit
1087 834 1203 901 legatum
1219 834 1270 886 sibi
1285 830 1914 908 derelictumiaquicelaseritexeoteseQ

211 896 525 958 taratonlano
545 919 597 973 pp.
637 903 703 956 Cum
726 904 847 972 quaestio
871 905 933 957 tulis
955 903 987 957 de
1039 908 1050 954 1
1080 902 1321 955 mentosindicare.
1338 901 1519 954 dubitabatur.
1546 898 1624 965 Quod
1639 897 1791 951 omnimodo

177 968 373 1036 significatione
396 971 535 1022 verborum
558 969 659 1024 animos
682 973 818 1024 veterum²
847 974 939 1034 morit,
964 973 987 1024 si
1037 969 1180 1023 hibendum
1194 984 1254 1022 esse
1265 984 1411 1031 censemus,
1425 976 1457 1021 nt
1466 984 1518 1022 non
1527 966 1647 1035 accipiat
1655 965 1773 1020 fructum
1781 981 1914 1048 ατε8

177 1037 237 1105 quis
269 1037 374 1090 cuidam
407 1052 500 1102 agrum
551 1045 599 1090 uta
624 1038 811 1092 Cornelianum
838 1041 879 1093 sel
907 1041 987 1093 ahnm
1011 1070 1014 1087 ι
1038 1037 1205 1100 calliditatis,
1229 1037 1274 1104 qni
1296 1036 1421 1090 heredem
1444 1037 1545 1090 soluit⁷
1566 1032 1717 1087 hereditate
1739 1032 1914 1118 ἀήτη-11

177 1104 309 1173 quendam
336 1105 363 1157 in
391 1104 503 1158 solidum
530 1054 668 1173 iignverit.
695 1107 789 1160 deinde
816 1108 863 1160 alii
884 1114 987 1174 partem
1011 1098 1014 1113 ¹
1037 1106 1115 1158 dare:
1140 1105 1187 1158 sed
1209 1104 1360 1157 huiusmodi
1384 1103 1498 1171 legatum
1518 1103 1557 1156 illi
1574 1101 1681 1169 quidem
1698 1100 1914 1185 αιιῐιιιιιῑῆιι

177 1172 236 1225 eiua
254 1172 401 1237 dimidiam,
421 1178 547 1239 quantam
565 1175 714 1241 portionem
731 1176 841 1243 primns,
861 1184 986 1242 quantam
1037 1179 1144 1226 mmreat
1161 1183 1250 1224 autem
1268 1173 1346 1238 quasi
1363 1188 1411 1240 pro
1430 1188 1483 1225 non
1500 1171 1602 1239 scripto
1622 1168 1695 1249 apud
1713 1169 1748 1223 he
1891 1212 1914 1253 a

177 1240 313 1293 secundus
340 1240 482 1305 legatarius
510 1243 683 1309 consequitur
707 1243 795 1301 (simili
820 1244 987 1296 dubitatione
1012 1304 1015 1309 ¹
1037 1250 1081 1302 ut,
1105 1242 1150 1308 qui
1173 1241 1219 1293 alii
1242 1239 1392 1293 nocendum
1414 1255 1474 1293 esse
1497 1238 1672 1301 existimasn,
1694 1237 1753 1317 ipse
1769 1252 1914 1321 Μ

179 1313 206 1359 et
228 1307 256 1361 in
280 1308 429 1361 hereditate
446 1314 473 1361 et
496 1309 523 1360 in
546 1308 756 1362 fideicommissis
777 1310 891 1373 habital,
914 1327 987 1363 cum·
1012 1334 1015 1347 ·
1038 1310 1136 1361 sentiat
1158 1309 1302 1372 iacturam,
1326 1306 1558 1375 quemadmodum,
1582 1305 1779 1372 silegatarrus,
1884 1346 1914 1389 ω

179 1390 231 1445 que
249 1377 461 1443 computationes
479 1376 578 1428 miritae
596 1377 835 1431 introducebantur
853 1386 881 1432 et
898 1380 988 1431 multis
1011 1358 1015 1397 '
1037 1382 1148 1444 propter
1178 1376 1288 1429 tutelam
1319 1376 1461 1441 gerendam
1493 1372 1593 1443 ahquid
1620 1372 1776 1426 derelictum
1875 1398 1912 1463 εἰς

179 1444 416 1498 ratiocinatoribus
435 1443 542 1510 dignae:
569 1460 617 1497 nos
641 1434 792 1499 huiusmodi
811 1446 987 1526 computatio·
1011 1458 1014 1463 ·
1038 1461 1091 1497 non
1115 1444 1227 1497 subierit
1249 1444 1375 1507 tutelam,
1399 1444 1423 1496 el
1446 1442 1550 1510 quidem
1575 1441 1691 1519 legatum
1717 1440 1902 1517 auia-m,

179 1526 227 1565 nes
254 1511 329 1578 quasi
353 1511 503 1578 superfluas
528 1516 556 1563 et
579 1514 728 1566 contrarias
751 1514 882 1567 voluntati
905 1522 987 1567 testa-
1038 1513 1138 1580 pupih0
1157 1522 1245 1564 autem
1263 1511 1430 1578 adsignatur,
1454 1511 1497 1564 cui
1519 1509 1564 1564 ille
1586 1509 1659 1562 utilis
1677 1524 1737 1562 esse
1754 1508 1906 1582 enims

182 1584 192 1632 l
239 1586 326 1632 torum
358 1595 448 1632 omines
481 1595 539 1633 esse
564 1581 705 1646 sopiendas
730 1597 877 1635 censemus.
922 1582 988 1634 Cum
1038 1580 1071 1632 Ι).
1095 1579 1121 1632 t.
1142 1579 1208 1632 hor.
1230 1580 1467 1650 t'onstantinopoli
1484 1586 1553 1649 post
1576 1577 1747 1630 corisnlatnnt
1768 1575 1900 1647 tam]

180 1647 248 1699 enim
273 1647 516 1700 manifestissimum
541 1652 583 1699 est
606 1664 679 1709 eum,
703 1650 747 1713 qui
770 1650 805 1702 ab
827 1650 903 1703 initio
921 1649 987 1701 duo·
1011 1661 1014 1717 l
1033 1647 1114 1718 podii
1131 1658 1158 1700 et
1177 1649 1280 1700 orestis
1297 1664 1335 1700 ae.
1354 1662 1392 1699 cc.
1744 1660 1768 1695 α·
1838 1661 1892 1728 531]

180 1713 265 1767 decim
283 1715 377 1767 uncias
395 1716 433 1768 rei
452 1714 556 1767 atridam
575 1715 694 1781 rehquit,
718 1716 764 1768 alii
787 1723 877 1770 antem
894 1724 988 1785 postea
1072 1712 1112 1770 ’td
1133 1713 1206 1768 Iahon
1225 1718 1256 1767 A.
1276 1713 1395 1768 leborini
1406 1730 1457 1784 pp.
1499 1712 1583 1777 illud,
1607 1710 1678 1790 quod
1692 1710 1737 1790 ‚de
1753 1710 1887 1787 logan-,3

180 1797 240 1845 sex,
265 1783 407 1836 recessisse
431 1782 534 1849 quidem
558 1798 575 1834 a
597 1784 687 1850 priore
704 1784 853 1845 voluntate,
871 1785 988 1839 voluisse
1012 1820 1015 1845 .
1038 1782 1078 1835 sel
1094 1782 1304 1835 fideicommissis
1318 1780 1509 1849 temporalibus
1525 1786 1619 1848 utpote
1631 1779 1713 1832 irritis
1729 1793 1746 1831 a
1760 1779 1882 1854 legum

180 1859 269 1903 autem
294 1850 377 1903 minui
401 1865 459 1902 eam
483 1866 530 1903 scx
552 1851 650 1917 unciis,
678 1867 738 1904 curn
755 1852 802 1904 alii
819 1868 864 1905 eas
882 1853 987 1912 obtulit,
1012 1874 1015 1921 q
1039 1851 1222 1905 conditoribus
1248 1849 1385 1902 definitum
1411 1858 1466 1913 est,
1495 1847 1636 1901 emendare
1661 1852 1880 1916 prospeximus

180 1919 226 1971 et³
271 1932 378 1971 raesens
406 1934 485 1970 casus
513 1919 612 1970 exitum
639 1919 836 1987 apertissimum
864 1921 987 1973 inveniet.
1012 1928 1015 1991 j
1041 1919 1191 1972 sancientes
1213 1923 1240 1970 et
1262 1918 1341 1971 talem
1360 1918 1507 1998 legatorum
1523 1916 1564 1968 sel
1581 1914 1875 1982 fideicommissorum

184 1992 215 2038 lo
249 1934 279 2038 ii
302 1985 360 2053 quis
382 1986 473 2054 itaque
496 1985 537 2038 sel
561 2001 652 2053 agrum
671 1988 711 2040 vel
735 1987 907 2041 hereditatem
927 1988 989 2041 reli·
1041 1994 1050 2038 1
1089 1987 1205 2054 speeiem
1222 1987 1310 2039 valere
1335 1993 1361 2038 et
1378 1986 1531 2038 hrmitatem
1549 1984 1656 2037 habere.
1692 1983 1760 2037 Cum
1789 1993 1871 2048 enlm

180 2053 280 2122 querit,
303 2053 389 2120 primo
413 2053 518 2122 quidem
539 2053 566 2105 in
591 2060 688 2117 totum,
715 2056 833 2108 secundo
855 2064 943 2108 autem
961 2056 988 2108 in
1037 2055 1091 2106 iam
1114 2054 1288 2107 constitutum
1312 2061 1353 2107 est
1373 2051 1432 2106 ficri
1449 2068 1528 2120 posse
1544 2051 1705 2119 temporales
1724 2051 1869 2113 domatio.

180 2128 285 2189 partem
307 2120 454 2183 dimidiam,
477 2129 618 2189 utrumque
642 2122 669 2174 in
692 2138 738 2175 sex
762 2124 855 2177 uncias
873 2138 930 2176 esse
949 2123 989 2176 sel
1012 2140 1015 2193 ;
1038 2137 1086 2175 nes
1110 2130 1137 2175 et
1160 2128 1326 2175 contractus.
1352 2136 1518 2187 consequens
1542 2128 1584 2172 est
1604 2121 1685 2173 etiam
1701 2120 1820 2187 legata
1835 2128 1867 2181 sel

183 2189 214 2241 tb
241 2187 375 2242 dominum
394 2189 432 2241 rei
450 2189 553 2255 legatae
571 2189 612 2242 vel
630 2190 752 2243 heredem
760 2190 779 2241 ⁴.
809 2191 846 2243 Et
863 2192 884 2243 si
903 2192 988 2259 primo
1011 2208 1015 2259 1
1038 2189 1250 2246 fideicommissa.
1269 2204 1337 2256 quae
1354 2188 1389 2242 ad
1407 2196 1511 2255 tempus
1528 2189 1621 2242 relicta
1638 2194 1709 2253 sunt,
1732 2187 1766 2241 sd
1806 2205 1864 2246 cm.

180 2271 211 2309 re
236 2262 295 2309 tota
321 2255 415 2309 relicta
438 2257 543 2309 tertiam
571 2261 676 2324 partem
699 2258 817 2311 secundo
845 2258 988 2326 reliquerit,
1012 2264 1015 2317 l
1038 2257 1098 2310 dem
1115 2257 1313 2310 similitudinem
1331 2256 1496 2310 confirmari:
1518 2262 1581 2323 post
1598 2256 1758 2323 completum
1787 2258 1863 2313 vida·

182 2322 327 2378 seeundum
353 2323 519 2391 praedictum
544 2324 650 2377 modum
677 2333 739 2379 octo
765 2325 869 2392 quidem
895 2328 988 2378 uncias
1012 2336 1015 2355 ²
1038 2325 1100 2378 licet
1118 2329 1223 2393 tempus
1246 2325 1281 2378 ad
1302 2323 1425 2378 heredem
1442 2323 1526 2377 isdem
1545 2324 1637 2390 legatis
1654 2323 1695 2376 vel
1712 2322 1859 2379 fideicom-

181 2391 222 2445 ια]
240 2392 297 2459 agri
314 2392 355 2444 vel
373 2391 527 2445 hereditatis
545 2392 617 2460 apud
636 2393 749 2461 primum
768 2408 911 2451 remanere.
935 2398 987 2447 ter-
1012 2384 1015 2447 Ι
1038 2392 1126 2447 missis
1149 2393 1345 2457 remeantibus,
1368 2391 1555 2445 necessitatem
1578 2391 1696 2444 habente
1719 2391 1857 2458 legatario

180 2459 246 2511 dam
269 2463 358 2512 sutem
381 2468 484 2527 partem
507 2459 548 2512 vel
572 2464 700 2527 quattuor
722 2462 814 2514 uncias
837 2461 871 2514 ad
893 2477 988 2515 secun·
1012 2468 1015 2533 1
1038 2462 1080 2514 vel
1097 2461 1341 2514 fideicommissario
1366 2460 1515 2513 cautionem
1538 2459 1566 2511 in
1583 2473 1725 2526 personam
1743 2459 1854 2513 heredis

185 2533 214 2580 tc
248 2525 310 2579 dum
334 2527 456 2593 migrare.
496 2527 533 2580 Et
557 2528 595 2581 sic
618 2528 645 2581 in
670 2530 793 2582 omnibus
817 2529 989 2583 statuendum
1012 2540 1015 2553 ¹
1039 2544 1181 2596 exponere.
1201 2536 1230 2581 ut
1247 2536 1310 2597 post
1326 2532 1493 2581 marissctnm
1510 2530 1617 2594 tempus
1635 2542 1678 2580 res
1696 2542 1750 2580 nou
1771 2526 1852 2594 culpa

181 2599 235 2657 eat,
258 2594 286 2647 id
307 2599 347 2648 est
370 2597 396 2648 in
414 2595 606 2648 hereditatibus
624 2596 665 2649 vel
683 2597 776 2663 legatis
794 2598 834 2650 vel
853 2597 989 2650 fideicom-
1039 2597 1096 2649 eius
1115 2596 1231 2650 deterior
1247 2598 1322 2649 tacta
1339 2596 1504 2649 restituamur.
1540 2592 1573 2647 D.
1591 2608 1634 2647 nu
1650 2593 1676 2646 ir.
1693 2594 1762 2665 lino.
1788 2591 1850 2645 cba-

181 2662 281 2716 missis:
305 2662 415 2729 vestigia
437 2664 505 2715 enim
523 2664 667 2717 voluntatis
686 2665 823 2718 testatoris
840 2681 895 2718 non
913 2666 990 2717 aliter
1013 2664 1015 2669 '
1038 2665 1220 2735 stantinopoli
1240 2675 1309 2734 post
1331 2663 1501 2717 cotrsnlutum
1523 2660 1671 2732 lampadii
1693 2670 1723 2716 at
1744 2661 1849 2716 Orestis

184 2732 263 2795 tdlt)
290 2729 340 2783 niai
353 2745 402 2797 per
414 2730 565 2784 huiusmodi
579 2731 646 2784 mam
659 2732 825 2785 aestimanda
838 2739 909 2785 sunt.
936 2731 989 2786 Sed
1039 2748 1077 2787 eu.
1097 2747 1134 2786 cc.
1154 2748 1227 2784 noento
1244 2732 1370 2787 secrindo.
1733 2735 1769 2794 [a.
1797 2730 1845 2790 ⁶³²l

182 2804 210 2850 et
227 2797 306 2851 aliam
324 2797 544 2866 disceptationem
567 2800 632 2852 iuris
650 2800 754 2867 antiqui
770 2816 824 2854 nnn
842 2801 988 2853 absimilem

183 2865 353 2918 constitutam
377 2864 499 2919 decidere
520 2867 597 2920 nobis
616 2867 758 2920 humanum
777 2884 835 2922 esse
853 2869 987 2936 apparuit.

182 2933 335 3054 algiitabatulr
347 2933 432 3054 eninr}¹
443 2934 465 2986 si
483 2934 543 3002 quis
558 2948 648 3055 agrnpt
663 2935 849 3056 Coffnelianum
864 2937 905 2989 vel
919 2936 989 2990 forte
1358 2938 1535 3000 xxxvlll!

182 3015 264 3053 aum
281 3015 312 3054 ve
362 3016 415 3054 nan
435 3017 477 3053 am
501 3017 555 3054 rem
579 3003 620 3055 cni
640 3018 683 3055 am
717 3019 732 3055 e
766 3004 834 3057 verit
851 3008 878 3057 et
914 3011 990 3058 osten
1103 3039 1111 3057 ι
1345 3054 1350 3069 ,
1783 3035 1797 3051 τ

182 3069 279 3122 iterum
295 3016 466 3137 nelqsaepius
489 3069 514 3122 ei
536 3070 646 3123 eandem
670 3086 725 3123 rem
732 3020 795 3139 ἕξει
812 3020 927 3139 legatdin
944 3074 989 3126 sel
1065 3038 1112 3087 DL
1130 3037 1317 3088 VFRBORUM
1333 3039 1377 3087 m
1395 3038 1514 3088 RERUM
1531 3032 1822 3089 SIGNIFmffloM

182 3134 413 3189 fideicommissum
428 3135 538 3194 dederit
558 3145 619 3205 post
632 3139 697 3192 talia
710 3148 799 3192 autem
812 3139 893 3192 verba
906 3145 988 3193 testa·
1075 3137 1090 3194 1
1121 3137 1190 3209 irrep.
1215 3138 1370 3191 Antoninos
1392 3140 1422 3190 A.
1448 3138 1618 3209 Antipatrue.
1662 3136 1786 3192 Praediia
1810 3131 1841 3183 iss-
1910 3158 1914 3189 ι

183 3203 266 3256 menti
278 3203 433 3271 Sempronio
452 3203 563 3257 eundem
581 3219 672 3271 agrum
691 3207 731 3260 vel
748 3207 828 3259 aliam
846 3222 901 3259 rem
917 3208 989 3276 lega·
1040 3206 1149 3260 structis
1167 3206 1269 3274 legatis,
1288 3206 1407 3273 quamvis
1422 3205 1599 3258 exfructibus
1614 3206 1701 3260 oleum
1717 3203 1843 3275 annm
1911 3208 1914 3269 ξ

182 3271 259 3333 serit,
278 3278 308 3323 ut
325 3272 432 3340 saepius
449 3271 555 3340 quidem
573 3272 637 3325 Titii
655 3273 751 3328 luisset
773 3275 885 3338 mentio,
908 3276 990 3329 semel
1039 3274 1066 3326 in
1093 3275 1185 3328 eodem
1208 3273 1290 3326 tundo
1315 3273 1452 3334 habuerit,
1475 3281 1565 3326 tamen
1588 3274 1612 3326 si
1633 3274 1661 3327 id
1678 3272 1771 3327 venale
1790 3265 1844 3323 flul»

184 3345 272 3392 autem
289 3339 445 3407 Sempronii,
464 3339 528 3407 quid
545 3342 715 3394 statuendum
733 3348 781 3405 est,
799 3350 826 3395 et
843 3343 907 3410 qnid
923 3343 989 3396 iuria
1038 3342 1101 3395 item
1119 3357 1160 3405 ea,
1178 3357 1247 3411 quae
1265 3340 1299 3394 ad
1316 3350 1421 3409 tempus
1438 3345 1551 3409 propter
1568 3341 1748 3395 incursionem
1764 3341 1845 3394 lat10·

183 3406 227 3469 sit,
244 3406 268 3459 si
285 3407 446 3460 coniunctim
460 3410 513 3460 an⁶
530 3409 674 3475 separatim
690 3409 728 3461 eis
743 3410 916 3477 relinquatur.
935 3412 990 3464 sire
1040 3426 1102 3463 num
1117 3410 1218 3463 tutelae
1233 3423 1317 3462 causa
1330 3409 1358 3461 in
1371 3409 1511 3476 praedium
1524 3409 1659 3462 translata
1673 3416 1745 3473 arant,
1760 3403 1847 3470 leg¹i⁰
1912 3470 1914 3483 Ι

184 3480 218 3526 'to
243 3473 270 3525 in
285 3474 371 3541 legato
388 3475 439 3527 hoc
453 3476 863 3531 consistatsiseinhcreditatci
888 3479 989 3531 Huius·
1041 3485 1052 3531 1
1091 3493 1144 3530 non
1162 3476 1257 3530 cedere
1274 3476 1340 3529 iuria
1353 3477 1509 3530 auctoribus
1523 3473 1633 3544 piacuit.
1660 3475 1759 3529 Vinum
1778 3478 1849 3524 vero,

184 3540 253 3594 modi
277 3541 356 3609 igitur
378 3541 529 3595 decidentes
548 3544 683 3611 antiquam
703 3546 909 3599 controversiam
926 3562 989 3600 san·
1040 3548 1110 3612 quod
1128 3546 1155 3597 in
1173 3545 1311 3613 apothecis
1329 3543 1394 3606 init,
1418 3544 1442 3597 si
1458 3542 1519 3597 ideo
1536 3542 1592 3596 illic
1610 3544 1712 3609 habuit,
1732 3551 1769 3611 ut,
1791 3542 1851 3590 ⁰⁰¹³

185 3608 281 3669 cimus,
308 3610 464 3677 cuicumque
486 3611 567 3663 fuerit
589 3612 630 3665 vel
656 3612 790 3667 hereditas
814 3614 855 3666 sel
877 3629 939 3681 ager
962 3616 990 3666 in
1039 3615 1066 3666 in
1093 3612 1230 3680 praedium
1256 3612 1370 3665 venisset
1397 3610 1636 3674 materfamilias,
1662 3627 1695 3665 eo
1719 3609 1854 3664 umretufv

183 3677 335 3730 memoratis
367 3678 473 3733 casibus
505 3678 559 3731 sive
587 3679 748 3733 coniunctim
776 3683 830 3735 sive
857 3682 907 3735 soli
935 3681 989 3735 sire
1039 3682 1126 3747 legato
1145 3680 1239 3734 cedere
1257 3681 1379 3746 ignorare
1396 3695 1451 3732 non
1468 3678 1558 3732 debes.
1594 3678 1650 3732 PP.
1676 3693 1707 3732 w
1723 3680 1760 3732 id.
1778 3674 1855 3733 Μ’

184 3744 290 3863 attsepius
314 3744 398 3865 eidetm
415 3747 542 3865 lreflatus,
566 3763 651 3816 aequa
674 3749 750 3803 lance
772 3759 799 3803 ct
816 3750 989 3830 hereditatem
1039 3748 1177 3867 Antopino
1196 3750 1300 3868 A'pmi
1316 3757 1342 3825 et
1360 3746 1589 3867 BalbinoMconss.
1676 3752 1771 3868 Mhi.
1793 3728 1858 3855 2ἑέ

183 3816 989 3953 31ωῇἳέρξηὲἕῗῃὲἓῖᾟὲἓιΐὲἓῖιὶῗὲιἀὲῖὲῗιξὲιῑὲἿ
1039 3814 1405 3952 R,²,‚,;,{¹1’1²·,.„:33⁶t,‘323{
1425 3822 1661 3935 liudihi
1679 3818 1786 3949 isid
1801 3868 1865 3927 ,aa

183 3947 246 4001 liter
270 3950 432 4016 expresserit
457 3955 485 4002 et
509 3951 607 4003 dixerit
632 3959 747 4006 testator
770 3959 859 4005 tantas
883 3952 989 4019 quidem
1039 3966 1088 4018 per
1112 3949 1344 4004 fideicommissum
1369 3949 1461 4002 relicto
1489 3949 1593 4002 vilicum
1622 3949 1806 4018 hominesque
1831 3931 1869 4011 ,ei

126 4050 133 4063 .
183 4020 274 4095 partes
299 4016 366 4070 velle
392 4033 487 4082 unum,
514 4024 604 4072 tantas
632 4026 720 4071 autem
744 4021 857 4072 alterum
880 4020 998 4072 habere..
1039 4019 1141 4081 omnia,
1168 4033 1235 4085 quae
1259 4017 1312 4081 vel,
1337 4023 1367 4070 ut
1389 4018 1447 4084 ipse
1469 4025 1546 4083 pater
1568 4016 1698 4077 familias,
1725 4032 1790 4071 cnm
1829 3997 1872 4070 ΙΨ

182 4099 209 4136 ιιι
228 4084 350 4137 omnibus
368 4085 463 4138 etenim
484 4087 621 4139 testatoris
638 4086 814 4151 voluntatem,
838 4101 907 4154 quae
924 4087 987 4153 legi-
1039 4098 1141 4153 ageret,
1168 4086 1209 4138 sel
1232 4085 1331 4138 fundus
1357 4090 1427 4137 essct
1452 4084 1613 4148 instructus,
1640 4100 1695 4137 non
1721 4072 1874 4154 temp⁰¹¹⁸

182 4152 247 4204 tima
264 4157 313 4215 est,
336 4151 465 4205 dominari
484 4168 630 4206 censemus.
667 4152 699 4206 h.
714 4162 762 4206 ‘nu
781 4154 807 4206 lc.
827 4154 889 4207 hec.
909 4153 989 4207 Lorii·
1039 4169 1122 4207 causa
1138 4153 1232 4206 habuit
1249 4155 1277 4204 in
1294 4168 1335 4217 eo,
1354 4152 1448 4205 relicta
1464 4167 1524 4205 esse
1541 4152 1607 4205 iuris
1624 4154 1795 4206 auctoritate
1820 4132 1876 4189 ‘¹⁰‘

177 4219 267 4292 prndio
285 4228 311 4273 et
331 4221 424 4273 llrosto
441 4236 479 4273 eu.
498 4236 535 4273 cc.
554 4236 639 4273 conam.
875 4226 909 4284 [a.
929 4228 987 4285 530]
1039 4222 1142 4274 linitum
1160 4228 1212 4274 est:
1237 4236 1269 4273 ea
1286 4221 1380 4285 etiam,
1402 4235 1473 4339 puae
1493 4225 1548 4272 tam
1566 4220 1704 4273 fructuum
1721 4211 1880 4283 001di

217 4286 257 4344 Ἃ
283 4285 370 4340 ⁰Ideni
396 4290 427 4341 A.
454 4285 571 4340 Iohanni
595 4305 641 4358 pp.
686 4287 751 4339 Cum
778 4287 884 4354 qnidam
911 4305 988 4342 sunm
1041 4295 1050 4340 t
1089 4288 1182 4341 dorum
1206 4303 1284 4355 quam
1307 4303 1401 4341 servan
1421 4302 1504 4340 orum.
1541 4287 1606 4340 Item
1629 4302 1730 4354 perora
1747 4277 1883 4342 stef⁶⁰‘

182 4356 265 4410 lilium
289 4354 403 4408 familias
430 4355 592 4423 impuberem
625 4354 814 4407 exheredatum
840 4354 904 4407 lecit
929 4357 987 4410 aliia
1037 4355 1115 4409 randi
1133 4358 1172 4409 sel
1192 4355 1319 4423 pascendi
1338 4370 1421 4408 cansa
1443 4355 1481 4407 ibi
1504 4356 1664 4415 constituta,
1689 4359 1722 4409 nt
1744 4338 1887 4408 fructu-¹

182 4423 325 4478 heredibus
342 4423 463 4490 scriptis,
487 4422 570 4474 eidem
594 4429 683 4475 autem
704 4421 808 4500 pupillo
827 4423 906 4474 alium
924 4426 987 4478 sub·
1038 4423 1070 4477 de
1088 4423 1129 4476 his
1148 4424 1288 4491 capiantur
1305 4423 1344 4475 sel
1363 4430 1393 4474 ut
1410 4422 1510 4475 fundus
1527 4423 1564 4475 sit
1580 4423 1752 4487 instructior,
1774 4406 1893 4508 fiaiffl}

182 4492 304 4545 stitutum
330 4491 449 4558 reliquit,
479 4491 620 4542 maximam
652 4488 756 4542 scihcet
785 4489 928 4543 ostendens
953 4491 988 4544 ud
1038 4491 1178 4544 commisso
1198 4490 1292 4544 cedere
1310 4489 1376 4543 certi
1393 4490 1458 4544 iuris
1476 4494 1523 4543 est.
1560 4488 1592 4541 l).
1610 4505 1674 4543 non.
1692 4489 1750 4544 Oct.
1766 4476 1897 4587 Sesti„

182 4559 265 4611 tilium
289 4573 366 4611 suum
390 4557 581 4621 adfectionem,
607 4557 649 4609 cni
674 4557 737 4608 nihil
760 4556 864 4623 quidem
889 4559 988 4611 emolu·
1037 4561 1093 4612 AA.
1112 4574 1199 4611 conss.
1736 4564 1771 4623 [a.
1793 4540 1878 4607 2⁴³¹

181 4626 262 4679 menti
294 4625 415 4693 reliquit,
448 4624 495 4678 sed
523 4630 586 4703 post
617 4623 830 4677 exheredationis
864 4625 988 4678 iniuriam
1072 4622 1091 4682 3
1118 4624 1187 4694 imp.
1213 4623 1384 4677 [sicliniensis
1409 4626 1440 4678 A.
1468 4623 1578 4678 heliano
1607 4640 1656 4695 pp.
1706 4604 1903 4706 sancitnq}

182 4695 262 4747 etiam
280 4693 496 4747 substitutionem
515 4691 657 4745 creddidit
675 4698 702 4744 et
719 4706 735 4743 a
753 4690 898 4744 substituto
915 4692 987 4759 lega·
1039 4691 1170 4747 motionis
1188 4693 1294 4746 nonnae
1311 4692 1351 4746 sel
1368 4688 1514 4761 depalatur
1533 4707 1588 4744 non
1606 4706 1666 4745 esse
1683 4691 1800 4746 fideiuss
1807 4674 1906 4773 0¹⁹3„

181 4766 238 4814 tum
256 4760 370 4828 rehquit,
388 4760 582 4828 quaerebatur,
606 4759 629 4812 si
647 4757 797 4811 huiusmodi
815 4757 929 4823 legatum
947 4761 988 4812 sel
1038 4759 1169 4813 dationem
1189 4758 1431 4827 interpretandam,
1454 4759 1505 4812 nisi
1523 4759 1575 4811 hoc
1593 4761 1747 4826 specialiter
1763 4748 1841 4814 vel
1867 4742 1909 4843 ‘'si

183 4835 194 4881 1
232 4827 464 4881 fideicommissum
500 4830 571 4881 otest
587 4828 683 4879 valere.
719 4825 771 4878 Sed
788 4830 816 4877 et
832 4827 856 4877 ai
873 4826 988 4893 legatum
1039 4828 1150 4880 Graecis
1174 4828 1214 4881 sel
1238 4828 1264 4880 in
1286 4827 1390 4880 Latinis
1413 4827 1500 4880 verbis
1523 4826 1652 4894 scriptum
1677 4828 1774 4881 fueriti
1814 4813 1912 4904 ¹¹¹3

181 4896 265 4949 eidem
284 4894 443 4949 exheredato
493 4895 517 4948 'o
534 4898 610 4963 pater
627 4893 763 4959 reliquerit
781 4898 807 4944 et
820 4893 989 4945 substituerit
1038 4896 1107 4947 enim
1122 4895 1163 4948 vel
1175 4894 1334 4961 generaliter
1348 4896 1381 4946 de
1395 4895 1569 4948 satisdatione
1578 4894 1619 4947 uel
1634 4892 1810 4949 defideinssi
1817 4874 1914 4973 θηρὶ

182 4962 385 5017 eisxheredsto
403 4962 476 5016 facto
495 4962 609 5029 aliquem
628 4970 796 5022 extranaeum,
817 4960 912 5012 iterum
930 4976 986 5013 cer·
1011 4976 1014 5021 ι
1038 4962 1191 5027 specialiter
1214 4962 1248 5015 sit
1271 4961 1449 5022 nominatum,
1475 4961 1599 5014 cautione
1617 4961 1659 5015 sel
1682 4963 1791 5017 ouen
1855 4945 1914 5037 Ἲς,

181 5031 303 5094 tabatur,
326 5030 349 5083 si
372 5031 466 5084 saltem
485 5045 533 5098 per
551 5029 662 5082 eundem
680 5026 786 5081 modum
803 5025 987 5081 fideieomnris·
1038 5026 1171 5097 ἀσφαλείᾳ
1188 5031 1293 5082 minime
1311 5028 1518 5092 fideiussionem,
1541 5027 1590 5081 sed
1612 5028 1712 5083 nudam
1734 5015 1914 5110 prostffbsq

181 5103 197 5152 2
232 5114 290 5151 sum
335 5102 406 5151 otest
433 5097 591 5165 relinquere.
637 5095 702 5148 (lum
732 5094 813 5173 igitur
842 5094 988 5161 antiquitas
1038 5095 1139 5149 sionem
1155 5096 1308 5163 significari.
1334 5095 1382 5150 Di
1397 5096 1424 5149 is.
1434 5095 1518 5149 dlurt.
1530 5094 1772 5168 bbnstuntinopoli
1782 5106 1832 5169 pl
1840 5082 1883 5165 ,θ
1888 5122 1914 5175 1¹

181 5165 287 5233 quidem
310 5113 377 5218 daec
400 5164 502 5218 diverse
525 5172 643 5218 mactem
665 5161 773 5226 malint,
799 5160 876 5215 nobis
899 5172 988 5215 summ
1038 5163 1413 5218 comulatnnhmnmdiiot
1433 5163 1648 5217 (trosliacum.
1732 5169 1769 5229 [a.
1788 5171 1821 5217 a·
1838 5142 1875 5219 τ’
1908 5174 1914 5225 ,·

181 5232 331 5287 huiusmodi
352 5232 438 5299 iurgia
460 5247 627 5299 supervacua
653 5245 712 5283 ease
738 5227 874 5291 sidentur,
901 5230 987 5282 sanci·
1072 5228 1184 5284 tldon
1201 5233 1233 5284 A.
1252 5182 1373 5284 Ioionni
1383 5248 1434 5301 pp.
1471 5230 1537 5284 Cum
1561 5230 1669 5297 qnidam
1691 5230 1731 5286 sic
1749 5232 1791 5285 vel
1837 5206 1914 5292 ¹¹¹,

181 5315 240 5354 mna
274 5299 347 5353 nullo
377 5301 465 5366 legato
499 5299 571 5353 nullo
604 5296 805 5352 fideicommissa
836 5295 988 5349 huiusmodi
1037 5296 1202 5351 stitutionem
1218 5299 1260 5351 sel
1277 5299 1392 5365 legatum
1406 5298 1446 5351 sel
1463 5297 1695 5351 fideicommissum
1708 5299 1752 5353 sel
1767 5300 1819 5353 lilr
1832 5270 1907 5329 er

181 5367 355 5424 substitutum
378 5368 424 5435 qui
447 5366 609 5420 exheredato
632 5365 735 5435 pupillo
754 5363 834 5415 datus
851 5367 893 5415 est
908 5376 987 5431 praa·
1037 5368 1119 5417 tatem
1145 5365 1186 5419 sel
1210 5367 1322 5419 tutelam
1348 5366 1514 5433 scripsisset:
1544 5365 1605 5418 ‘ille
1630 5366 1672 5421 sel
1697 5365 1745 5421 ille
1770 5334 1914 5421 hese!

932 5476 948 5481 ,
1821 5450 1877 5477 f

184 5483 251 5491 ...—
261 5482 305 5489 .....
321 5481 383 5487 ..--
405 5482 435 5487 ..-
451 5482 458 5487 .
498 5476 647 5488 -..-ι..-.
657 5479 733 5487 ---
950 5476 1225 5485 —-———----—--————
1238 5480 1290 5485 -—·
1344 5480 1395 5484 —---
1464 5480 1591 5486 —-—-.-.-—
1601 5480 1695 5487 ----—..

181 5541 212 5605 (1)
229 5540 255 5590 ei
274 5539 302 5600 0,
319 5538 345 5586 ei
361 5550 446 5587 aarum
466 5536 489 5585 R
556 5537 591 5599 (t)
606 5538 643 5587 sic
663 5536 690 5597 0,
708 5536 804 5584 veteres
819 5532 846 5583 R
911 5533 946 5595 (8)
963 5535 989 5611 et
1037 5547 1068 5585 ex
1086 5535 1129 5585 ιἰιι.
1143 5533 1192 5586 PB
1259 5536 1295 5600 (1)
1312 5535 1341 5586 Β
1357 5536 1558 5602 44,3,01ιιᾳᾳ.
1576 5562 1612 5574 -
1632 5536 1673 5603 (J
1688 5536 1752 5605 Dip.
1765 5540 1812 5600 su,
1860 5500 1912 5561 ’ὁ

182 5608 227 5658 del.
246 5606 377 5657 Mommsen
445 5605 479 5669 (t)
496 5605 532 5655 sic
548 5604 582 5666 R,
603 5602 740 5655 dominium
757 5619 778 5653 r.
795 5599 813 5651 L
831 5597 872 5651 val
889 5599 987 5651 hersdr·
1037 5602 1073 5667 (t)
1089 5615 1109 5651 x
1126 5604 1181 5665 ins..
1199 5605 1232 5671 cs.
1251 5602 1395 5671 Zeitschrryl
1405 5606 1454 5671 sar
1470 5603 1645 5671 Rachnpesch.
1664 5614 1686 5659 rt
1701 5624 1729 5677 p.
1747 5616 1787 5659 rte

181 5674 279 5728 istuc
326 5674 360 5740 (b)
374 5687 407 5723 an
420 5672 446 5736 C,
461 5670 526 5721 aoR
575 5673 610 5736 (t)
625 5674 697 5741 inape
710 5673 735 5735 6,
744 5681 780 5735 tt,
789 5679 813 5723 tt
865 5670 899 5732 (ἵ)
911 5668 986 5730 ticC,
