3832 6126
142 266 206 335 XII
228 270 308 334 1-s
831 260 1129 373 Δ*
1287 281 1334 329 nn
1354 274 1587 329 masmana
1606 274 1648 321 ss
1664 272 1786 322 nouom

178 449 216 508 14
235 449 323 522 impp.
343 448 508 504 llnodosias
522 458 550 505 et
565 449 772 504 Valentinianus
784 450 839 503 An.
860 447 949 502 Basso
999 447 1100 502 laribus
1118 447 1181 502 siris
1199 454 1303 501 ceteros
1317 446 1423 515 quidem
1436 444 1586 523 honoratas
1599 439 1680 519 ipsios
1695 437 1786 493 batem

140 538 187 590 pp.
222 518 419 587 Praecipimus,
444 525 475 570 ut
492 518 610 572 senatori
628 518 654 571 in
677 517 796 598 qualibet
831 516 951 570 rom‘ncia
999 515 1164 578 summitate,
1182 530 1261 584 pares
1279 529 1340 569 sero
1359 512 1451 568 intulis
1468 510 1686 591 'consideratione
1700 511 1787 559 tantun

142 587 289 640 constituto
306 586 408 639 nuliam
426 585 545 639 habeant
561 585 664 638 iudices
681 534 832 653 iniungenl’i
850 584 950 651 aliquid
1002 588 1012 635 1
1050 584 1176 650 temporis
1200 583 1310 636 anteire.
1351 581 1418 649 Quis
1444 594 1515 633 cnrm
1536 594 1565 632 m
1587 573 1786 656 nnoeodemque

141 654 211 707 torte
227 653 329 722 publici
346 651 466 706 muneris
503 659 652 707 otestatem.
836 657 869 716 [o.
890 656 949 716 tit]
998 664 1095 718 genere
1113 650 1249 717 dignitatis
1273 650 1347 717 prior
1365 663 1424 703 csse
1442 648 1588 707 debuerat,
1605 658 1658 722 ιιιιι
1673 658 1715 710 qm
1729 657 1786 709 pnor

179 719 215 777 15
237 720 312 773 lelern
335 722 389 773 ΑΛ.
416 720 453 772 ιιι
496 720 618 773 'eutliiinn
641 722 699 772 ιιι.ι
734 718 891 772 Clarissimis
909 716 950 771 rel
998 719 1094 771 menrit
1111 717 1285 785 dignitatem?
1304 733 1364 771 cum
1381 715 1526 784 posterior,
1543 717 1572 768 et
1586 712 1610 766 si
1627 708 1736 791 easdem
1750 709 1784 761 ba

141 804 155 843 s
175 787 334 842 ectabilibas
352 787 480 841 universis
498 787 532 840 ad
549 738 662 853 genitale
677 787 762 840 solum
776 787 816 840 vel
832 786 951 853 quolibet
999 785 1072 838 noris
1097 785 1257 865 praetendat
1274 784 1410 854 auspicia,
1435 782 1532 838 cedere
1548 787 1640 835 tamen
1656 776 1721 857 rllrus
1735 782 1784 829 teu·

169 856 195 909 io
213 863 240 909 ct
257 857 315 908 sine
333 862 483 909 commeatu
501 854 687 922 proficiscendi
705 860 731 906 et
754 855 798 907 ubi
816 853 951 907 voluerint
999 858 1014 904 2
1049 869 1123 920 poris
1141 853 1245 907 consuli
1263 852 1370 916 debeat,
1395 867 1448 932 ιιι
1471 852 1533 918 ipse
1549 863 1605 902 uon
1627 845 1712 899 tuerit.
1741 843 1781 923 ilar

142 923 322 977 commorandi
340 922 509 976 habitandire
526 922 703 999 permittimus
721 922 886 974 facultatem.
999 919 1165 975 observando
1183 924 1211 974 et
1228 921 1252 974 ιι
1268 921 1367 974 iterata
1382 934 1440 973 nce
1463 916 1573 985 fastigia
1591 913 1737 993 capsrdatna
1749 912 1779 965 sb

176 988 216 1046 td
235 989 309 1043 litem
328 992 383 1042 An.
402 990 548 1059 Apollonio
563 1005 612 1059 pp.
648 990 676 1041 Si
689 989 795 1056 gravius
809 988 892 1042 ulium
909 988 949 1041 fa·
999 987 1059 1055 quis
1077 987 1257 1041 adscenderit:
1276 986 1383 1055 repetiti
1391 987 1489 1041 etenim
1503 983 1595 1039 fasces
1608 984 1779 1060 nrtutesratte

142 1058 219 1112 cinus
238 1057 402 1119 admittatur,
425 1060 537 1110 nocente
578 1072 673 1110 creona
691 1060 766 1110 extra
788 1056 950 1109 carceralem
999 1055 1086 1108 meriti
1105 1057 1288 1124 comprobant,
1307 1070 1360 1109 uon
1378 1058 1489 1123 augent,
1508 1052 1574 1122 quia
1590 1048 1657 1104 nibil
1672 1054 1710 1103 est
1723 1046 1779 1127 altu

142 1124 290 1178 custodiam
304 1124 509 1178 substitutione²
524 1073 624 1179 habita.
638 1139 719 1193 super
730 1124 877 1177 illustribus
891 1123 949 1191 qui·
1000 1126 1015 1175 3
1050 1122 1075 1175 di
1095 1124 1203 1176 nitate⁰.
1239 1123 1316 1190 Quod
1340 1123 1363 1177 si
1387 1124 1446 1191 quis
1463 1122 1540 1191 prior
1557 1117 1653 1199 consol
1668 1122 1778 1196 popterm

142 1193 202 1246 dem
220 1192 297 1245 nobis
314 1192 417 1258 suggeri
434 1191 567 1256 iubemus,
591 1207 671 1261 super
689 1191 784 1245 ceteris
802 1207 865 1246 rero
884 1206 949 1311 spua-
1000 1139 1102 1243 consrfii
1131 1189 1267 1257 eidemque
1294 1190 1406 1258 patricio
1441 1188 1617 1257 posthabitus
1640 1188 1779 1265 paterentur

141 1260 202 1313 dam
221 1261 320 1312 minore
338 1258 464 1326 dignitate
482 1259 615 1312 (laceratis
633 1258 668 1313 ad
686 1260 726 1313 tui
744 1259 838 1312 referri
857 1275 889 1312 cu
901 1259 949 1311 nri·
999 1263 1093 1325 postea
1112 1266 1300 1327 consequatur,
1319 1259 1462 1311 sincicum
1479 1271 1496 1310 o
1517 1258 1589 1309 ortet
1607 1268 1653 1321 qur
1665 1265 1732 1330 praet
1743 1264 1779 1329 ue

143 1328 184 1381 uis
198 1328 341 1388 notionem,
359 1331 390 1378 ιιι
404 1327 442 1379 ιιι
455 1326 568 1389 demum,
586 1326 650 1394 qnid
663 1326 695 1380 de
709 1326 824 1381 admisso
840 1326 950 1380 crimine
998 1325 1054 1378 ruit
1071 1327 1253 1392 patriciatum.
1272 1330 1415 1395 postquam
1435 1325 1486 1379 iste
1497 1273 1607 1378 bonore
1620 1318 1739 1390 patriciae
1754 1318 1779 1370 d·

143 1395 270 1448 constitui
287 1397 422 1461 oporteat,
440 1393 582 1447 iudicetur.
748 1399 783 1458 [a.
801 1397 948 1457 tit-tit]
998 1392 1108 1460 gnitatis
1126 1393 1269 1447 decoratus
1289 1398 1339 1447 est.
1764 1454 1768 1462 ¹

180 1459 215 1518 l't'
237 1461 315 1530 ³lirip.
336 1461 408 1515 Zeno
427 1465 457 1514 A.
477 1461 596 1514 Arcenlio
612 1479 660 1531 pp.
696 1461 825 1527 Quotiens
844 1477 876 1515 ex
894 1461 949 1529 pri·
1033 1457 1052 1515 2
1073 1459 1159 1530 Irnpp.
1178 1460 1385 1515 l'olentiniunns
1397 1458 1595 1515 erolareinms
1609 1454 1779 1525 AA.Sporuac

140 1535 203 1583 vata
220 1528 361 1581 cuiuslibet
378 1527 590 1596 interpellatione
607 1528 678 1581 cirili
695 1529 735 1582 vel
754 1529 884 1582 criminali
902 1528 950 1582 viri
999 1529 1091 1581 conna'
1109 1528 1316 1582 ‹loitresticonon
1339 1536 1365 1582 et
1388 1526 1501 1581 consedi.
1537 1524 1664 1580 Ordinem
1685 1521 1779 1576 conada·

140 1597 257 1649 illustres
276 1595 447 1650 conveniendi
465 1601 541 1653 sunt.
560 1596 634 1649 nulla
651 1596 754 1650 dandae
772 1596 949 1651 fideiussionis
998 1599 1042 1649 tus
1066 1595 1100 1649 ad
1124 1596 1261 1664 antiquam
1285 1596 1439 1650 reduximus
1461 1593 1643 1656 sanctionem,
1666 1596 1693 1644 nt
1712 1588 1780 1643 scilta

142 1664 316 1718 concussione
337 1667 479 1727 verentur,
504 1663 551 1717 sed
573 1679 621 1731 per
647 1664 762 1731 speciale
784 1664 949 1732 privilegiam
998 1667 1116 1717 nostram
1134 1663 1243 1717 honoris
1259 1663 1364 1727 merito,
1381 1678 1435 1717 nou
1453 1661 1574 1731 rapiendi
1592 1656 1780 1737 stadioupopule

142 1748 207 1786 suae
217 1731 344 1784 committi
354 1731 416 1784 tidei
430 1739 636 1798 consequantur,
647 1731 777 1785 iuratoria
786 1732 820 1784 ab
830 1732 872 1784 iris
886 1747 949 1785 caa-
998 1745 1058 1783 rum
1075 1731 1180 1797 agmina
1203 1735 1373 1785 sectarentur
1396 1746 1429 1784 ac
1452 1728 1574 1783 lucrandi
1600 1727 1737 1804 cupiditate
1745 1723 1780 1802 de

143 1806 152 1852 1
191 1800 263 1852 tiene
281 1799 463 1852 tantummodo
482 1799 647 1867 exponenda.
683 1798 768 1865 Quam
786 1800 809 1852 si
826 1799 948 1867 neglexe-
998 1799 1088 1865 posita
1111 1799 1288 1853 uenerabilem
1310 1804 1450 1868 parentum
1474 1796 1597 1850 habitum
1614 1800 1641 1849 et
1657 1794 1781 1847 ielicnsma

140 1867 195 1920 rint
217 1874 244 1918 ιι
268 1873 361 1919 contra
385 1866 514 1919 inscrtum
539 1866 657 1920 cautioni
679 1871 876 1919 sacramentnm
898 1866 950 1934 ipsi
1002 1870 1012 1918 1
1049 1866 1216 1934 antiquitatis
1239 1873 1394 1920 ornamenta
1422 1865 1617 1933 conspicerent.
1659 1860 1714 1915 Hoc
1736 1874 1780 1926 ergo

141 1934 181 1987 vel
198 1950 290 1987 corum
307 1938 495 2003 procuratores
513 1934 643 1993 sinerint,
666 1934 693 1986 in
711 1934 873 2002 pecuniariis
891 1934 949 2002 qui·
999 1934 1119 2001 exemplo
1143 1935 1222 1986 etiam
1244 1938 1348 1988 ceteros
1372 1933 1518 2001 procedere
1540 1930 1664 1986 consules
1684 1928 1780 1981 volumus

141 2002 200 2055 dem
224 2002 312 2055 causis
337 2017 419 2070 super
440 2002 609 2068 possessione
632 2016 721 2054 reram
744 2002 779 2054 ad
798 2017 842 2055 ιιι
867 2002 949 2069 perti-
999 2005 1014 2054 2
1049 2016 1098 2053 nec
1116 2001 1266 2069 expendere
1284 2017 1330 2056 eos
1344 2002 1402 2055 sino
1416 2001 1513 2055 effectu
1528 2000 1654 2068 patimur.
1679 1996 1782 2050 (ιιιιιιιι

140 2069 258 2123 nentium
282 2068 362 2121 iudex
381 2077 549 2137 competens,
574 2068 645 2188 ‹prod
669 2072 701 2122 ιι,
718 2069 784 2122 iuris
802 2071 948 2123 arietantes
998 2082 1060 2135 crgo
1079 2068 1132 2122 ista
1150 2069 1293 2137 spargendi
1311 2069 1413 2122 vilitate
1430 2067 1588 2189 amplissimi
1607 2065 1723 2121 consules
1736 2076 1782 2141 pre

141 2143 168 2191 et
193 2137 232 2190 rei
255 2137 370 2204 qualitas
395 2138 524 2203 suggerit,
548 2152 577 2189 or
597 2135 694 2189 inabit:
718 2137 745 2190 in
770 2137 948 2189 criminalibus
999 2136 1123 2190 cedentes
1147 2135 1272 2203 deinceps
1295 2137 1450 2191 abstineant
1496 2151 1529 2189 oc
1554 2148 1645 2189 errore
1671 2130 1782 2201 perdendi.

141 2220 203 2258 uero
216 2204 328 2271 negotiis
342 2203 469 2271 dignitate
483 2219 595 2271 quoque,
614 2219 666 2270 qua
681 2219 709 2256 se
724 2219 863 2283 persuum
877 2205 948 2257 vide·
998 2203 1152 2271 optimoque
1177 2205 1287 2258 consilio
1309 2205 1383 2272 operi
1401 2203 1553 2258 necessario
1576 2201 1711 2271 proficiat,
1731 2197 1783 2277 quod

141 2272 205 2325 licet
222 2271 368 2338 periurium
381 2270 503 2333 indignos
519 2285 578 2324 esse
595 2270 773 2337 probarennt,
792 2272 947 2339 spolientur,
999 2276 1013 2325 3
1049 2278 1108 2324 erat
1125 2271 1336 2340 incompetenter
1352 2272 1543 2340 proiciendum.
1579 2269 1623 2324 sd
1638 2270 1783 2341 instauratu-

143 2343 174 2391 ut
190 2340 218 2391 in
236 2354 281 2391 eos
299 2344 392 2406 utpote
416 2338 515 2391 illustri
537 2338 665 2405 dignitate
683 2354 731 2406 pcr
749 2355 825 2392 snum
844 2340 948 2393 facinus
997 2354 1057 2391 nem
1081 2339 1170 2406 itaque
1193 2340 1408 2408 aquaeductuum
1432 2340 1513 2394 huius
1537 2336 1715 2406 amplissimae
1729 2334 1783 2386 urbs

140 2407 258 2474 priuatos
287 2405 438 2459 inconsulta
465 2405 544 2458 ctiam
571 2410 664 2459 nostra
689 2406 788 2475 pietate
814 2408 948 2460 iudicibus
998 2411 1112 2460 centena
1129 2406 1218 2474 pondo
1237 2408 1297 2460 auri
1314 2414 1484 2476 praestentur
1527 2421 1558 2460 er
1574 2404 1693 2473 singulos
1710 2418 1784 2457 consu·

140 2480 155 2527 2
191 2474 279 2541 legum
304 2473 469 2527 severitatem
492 2473 573 2525 liccat
595 2489 726 2527 exercere.
768 2474 870 2541 Quibus
888 2475 947 2528 illu·
998 2473 1076 2538 latus,
1096 2479 1127 2526 nt
1140 2476 1185 2527 et⁷
1199 2477 1293 2529 consul
1307 2476 1409 2543 patriae
1424 2490 1453 2529 se
1468 2475 1500 2528 dc
1521 2474 1575 2528 'sse
1589 2473 1692 2528 nerent
1705 2469 1786 2526 aaa

139 2540 235 2595 atrium
259 2540 413 2608 dignitatum
438 2540 580 2608 privilegiis
606 2540 657 2594 hoc
679 2541 757 2594 ctiam
781 2542 948 2596 adiciendum
997 2544 1089 2594 notum
1108 2542 1144 2595 sit
1160 2556 1287 2596 mansura
1304 2558 1364 2597 csse
1381 2546 1540 2624 perpeta0⁸.
1695 2545 1727 2605 [a.
1742 2540 1785 2597 aa

139 2608 296 2665 statuimus,
319 2616 349 2661 ut
366 2608 517 2661 huiusmodi
539 2623 671 2676 personae
689 2609 793 2662 nullam
814 2625 847 2664 ex
862 2610 950 2664 cuius-
1032 2607 1050 2663 3
1071 2607 1138 2679 Itttp.
1158 2609 1231 2663 Zeno
1250 2613 1280 2663 Α.
1317 2610 1422 2665 Nemini
1440 2611 1475 2664 ad
1492 2610 1637 2664 sublimem
1653 2606 1787 2677 patriciatus

139 2676 205 2730 libet
229 2675 324 2729 iudicis
348 2677 404 2728 siue
428 2675 535 2744 scriptis
562 2676 655 2729 habita
678 2677 810 2731 sententia
834 2692 948 2731 consen·
996 2676 1139 2740 honorem,
1162 2677 1208 2745 qui
1226 2677 1321 2732 ceteris
1344 2679 1469 2733 omnibns
1492 2677 1680 2745 anteponitur,
1697 2675 1787 2729 adstes

139 2744 235 2797 tionem
254 2758 341 2811 neque
358 2744 385 2796 in
404 2744 473 2797 cirili
491 2758 577 2812 suque
594 2745 621 2797 in
640 2744 770 2798 criminali
788 2760 871 2799 causa
888 2761 947 2799 sus·
997 2742 1059 2797 dere
1075 2744 1163 2807 liceat,
1180 2744 1233 2797 nisi
1250 2745 1327 2814 prius
1342 2750 1390 2800 aut
1405 2746 1563 2800 consulatus
1577 2745 1681 2800 bonore
1693 2741 1789 2811 patiatur

139 2811 251 2866 ducant.
731 2818 765 2877 [a.
785 2814 947 2877 *tsi-ital]
996 2818 1044 2864 aut
1062 2811 1247 2879 praefecturae
1264 2814 1418 2881 ριιιιιιιο9
1434 2814 1475 2867 ιιι
1492 2813 1594 2882 lllyrici
1612 2812 1656 2867 sel
1671 2810 1742 2865 urbis
1757 2808 1790 2863 sd·

175 2876 213 2936 18
232 2879 300 2931 Jinr.
320 2879 482 2931 ,ιιιιιιιαιιιιι
499 2880 529 2931 Α.
550 2877 668 2933 Eieselno
686 2880 818 2947 inreptare
838 2880 946 2949 inficio·
996 2879 1217 2933 ministrationem
1234 2887 1282 2932 aut
1296 2882 1416 2947 magistri
1432 2881 1545 2934 militam
1555 2885 1605 2933 aut
1618 2879 1736 2947 magistri
1747 2874 1790 2931 effi·
1832 2906 1836 2919 ·

139 2963 207 3001 riurei.
244 2946 367 2999 liniemus
390 2946 463 3000 salso
486 2946 602 3009 lionore,
627 2947 673 3013 qui
694 2964 743 3015 per
766 2948 947 3001 evocationem
997 2945 1113 3009 ciorum,
1136 2947 1164 2999 in
1182 2955 1245 2999 actu
1264 2948 1387 3002 videlicet
1404 2950 1522 3017 positus,
1540 2947 1659 3015 gessisse
1675 2952 1791 3006 nosceta,

139 3028 233 3067 sacrae
250 3014 433 3068 revocatoriae
451 3013 579 3077 defertur,
604 3013 718 3068 durante
743 3015 822 3069 licere
841 3015 945 3068 cunctis
996 3019 1027 3067 ut
1049 3014 1200 3067 huiusmodi
1225 3020 1330 3069 tantum
1353 3017 1476 3084 personis
1500 3016 1557 3070 sire
1587 3016 1678 3070 adbuc
1699 3011 1792 3067 admini-

137 3088 193 3135 tam
211 3082 323 3135 maiores
342 3096 420 3149 quam
436 3082 549 3134 minores
565 3087 716 3149 potestates
726 3083 881 3149 gerentibus
898 3098 947 3135 nec
996 3081 1154 3135 amafioncm
1175 3082 1290 3149 gerendo
1314 3098 1363 3137 seu
1389 3090 1484 3152 postea
1509 3083 1593 3138 liceat
1620 3081 1736 3152 (quando
1756 3082 1793 3133 ιιι

138 3165 191 3203 non
215 3151 295 3203 etiam
318 3149 467 3202 honorariis
491 3149 640 3203 illustribus
667 3150 721 3203 sivo
746 3167 778 3202 ex
804 3150 856 3203 hac
880 3152 947 3205 urbe
996 3156 1104 3203 nostrae
1128 3149 1227 3203 sederit
1248 3150 1392 3211 maiestati)
1410 3152 1554 3219 patriciam
1573 3151 1705 3217 consequi
1726 3147 1794 3217 digni·

137 3217 220 3284 regia.
238 3216 380 3284 principali
396 3217 519 3271 uidelicet
530 3217 708 3296 praecedente
726 3232 865 3273 consensu.
884 3233 945 3297 pro·
999 3223 1010 3270 1
1046 3223 1136 3270 tatem.
1177 3217 1308 3283 (turoniam
1330 3234 1391 3274 vero
1418 3219 1630 3285 gloriosissimae
1655 3219 1718 3272 huic
1742 3214 1795 3279 arbi

137 3284 202 3337 fecti
219 3284 326 3343 fuerint,
344 3286 399 3337 sive
417 3285 444 3336 in
461 3285 606 3351 provinciis
624 3285 777 3338 habitantes
795 3285 945 3339 sacratissi-
997 3299 1065 3352 quac
1084 3289 1164 3352 caput
1182 3285 1254 3337 orbis
1273 3290 1404 3340 terrarum
1423 3291 1471 3346 est,
1491 3287 1666 3341 omnifariam
1680 3284 1796 3341 eredimus

138 3368 217 3414 mum,
233 3351 401 3405 suisscilicet
414 3352 588 3419 poscentibus
604 3353 724 3418 negotiis,
741 3358 831 3420 petere
846 3353 945 3406 malue-
997 3351 1202 3417 considendum,
1221 3352 1374 3417 uniuersos,
1412 3356 1439 3408 ui
1456 3355 1574 3423 posthac
1590 3354 1732 3409 honorarii
1747 3368 1796 3407 con·

136 3419 192 3471 rint
216 3420 381 3480 comitatum,
408 3422 465 3472 sine
489 3434 568 3471 sacra
591 3435 697 3487 quoquc
719 3421 887 3474 revocatoria
912 3420 945 3473 ad
997 3420 1099 3473 sulatus
1118 3419 1265 3486 insignibus
1282 3372 1426 3490 principiali
1440 3422 1628 3477 munificentia
1642 3422 1798 3483 decorantur,

137 3485 207 3540 hauc
225 3486 324 3554 regiam
343 3488 434 3540 urbem
452 3486 597 3554 pervenire.
997 3494 1103 3541 centum
1120 3489 1179 3539 auri
1196 3486 1278 3541 libras
1296 3489 1331 3542 ad
1349 3489 1521 3543 reficiendum
1543 3490 1744 3559 aquaeductum
1759 3504 1798 3557 pu·

996 3554 1096 3608 blicum
1114 3554 1265 3608 ministrare
1282 3572 1421 3611 censemus
1439 3557 1474 3611 ad
1492 3558 1696 3613 similitudinem
1714 3572 1799 3619 eorum,

521 3627 559 3684 Π,
997 3622 1043 3690 qui
1057 3637 1105 3690 per
1120 3623 1216 3675 annale
1228 3629 1333 3692 tempus
1344 3626 1524 3679 consularium
1539 3626 1662 3680 editione
1675 3638 1801 3679 munemu

136 3724 183 3773 nn
201 3723 434 3773 rasasoamus
453 3724 498 3773 ιιι
520 3723 661 3774 narona
679 3726 883 3776 ιιιιιιιτιιιι
901 3720 945 3776 ιι
995 3689 1150 3771 grossorum.
1178 3690 1438 3771 nosipsisuquoquo
1451 3693 1568 3774 expedit,
1580 3693 1803 3775 nescentiam

177 3793 213 3841 Gi
224 3793 290 3840 W
308 3792 353 3841 ET
371 3792 428 3840 ΝΠ
439 3793 473 3840 H
492 3792 536 3840 FT
554 3793 690 3841 SFPTFti
708 3794 760 3843 301
770 3794 903 3844 ,DORUM
997 3764 1090 3812 crvrtas
1109 3763 1215 3811 centum
1233 3772 1292 3811 aurs
1310 3758 1437 3813 bbrarum
1455 3760 1644 3815 munrflcentra
1662 3765 1803 3817 sustentate

212 3822 244 3840 ¹¹
269 3830 277 3841 ⁶
350 3822 548 3909 FUvffiloiffi
566 3824 717 3909 S'Umfffl
762 3824 768 3841 ¹
996 3826 1170 3879 honorarium
1187 3841 1293 3945 quoque
1312 3827 1411 3905 sentiat
1429 3829 1610 3883 consulatum.

397 3894 407 3906 ’
501 3894 511 3907 “
644 3890 661 3909 ”
721 3899 726 3910 ’
1030 3890 1141 3948 4Ιιιιιιι
1161 3894 1192 3945 Α.
1211 3894 1373 3949 Sciastinno
1386 3913 1438 3966 pp.
1474 3895 1617 3951 sancimus
1643 3896 1708 3952 viria
1726 3895 1804 3951 excel·

171 3957 183 4013 1
209 3956 308 4028 *impp
326 3956 531 4012 Valentinianus
544 3966 570 4013 et
586 3957 745 4013 illnrcionns
759 3962 814 4014 et.
830 3960 945 4015 Tutiano
996 3960 1149 4014 lectissimis
1168 3960 1354 4015 consularibus
1373 3963 1510 4029 omnibns,
1529 3964 1577 4030 qui
1594 3964 1652 4019 iam
1668 3966 1736 4019 iacti
1752 3970 1806 4020 sunt

134 4042 181 4095 pie.
216 4025 300 4079 Nemo
315 4040 348 4079 en
364 4026 518 4079 clarissimis
533 4031 561 4079 et
578 4027 770 4095 spectabilibus
780 4028 826 4096 qui
842 4029 869 4081 in
882 4044 945 4097 pro·
996 4028 1036 4080 vel
1053 4033 1148 4095 postea
1165 4026 1272 4093 inerint,
1290 4029 1453 4096 procedendi
1470 4047 1578 4099 quoque
1592 4036 1622 4085 et
1639 4048 1671 4087 re
1688 4034 1749 4102 ipsa
1764 4046 1806 4101 per

136 4093 228 4145 vinciis
252 4093 353 4159 degunt
368 4094 403 4146 ad
423 4098 579 4212 praeturam
597 4102 692 4162 postea
710 4096 863 4150 devocetur:
888 4109 945 4148 ma·
996 4109 1095 4149 annuus
1112 4094 1219 4161 gerendi
1237 4096 1407 4157 consulatus,
1430 4097 1574 4166 impetrato
1593 4100 1724 4155 uidelicet
1740 4101 1806 4170 pris·

135 4167 198 4213 neat
216 4161 399 4227 unusquisqne
441 4161 493 4213 omi
511 4176 576 4215 suae
596 4167 671 4216 tutus
689 4169 772 4229 atque
788 4178 901 4217 securus
919 4168 946 4216 ιι
997 4162 1075 4230 cipali
1090 4161 1197 4223 iudicio,
1215 4161 1358 4230 legitimam
1373 4164 1456 4218 tribui
1470 4165 1638 4233 facultatem,
1658 4168 1698 4222 ita
1711 4176 1807 4223 stacta

133 4243 185 4283 sua
200 4226 328 4295 dignitate
341 4228 464 4281 laetetur.
492 4228 576 4282 [ιιι
590 4227 688 4283 lelna.
709 4230 946 4301 t'onstuntr'nopol'
996 4244 1075 4297 quam
1098 4228 1243 4283 meruerint
1265 4231 1508 4350 processionando
1531 4250 1631 4288 norum
1651 4236 1754 4305 aliquid
1773 4234 1808 4289 rel

143 4294 334 4349 Valentiniano
352 4298 384 4348 Α.
409 4310 451 4347 ιιι
468 4304 495 4349 et
511 4298 613 4351 Aniene
632 4314 718 4350 ιιιιιιι.
832 4302 865 4361 [a.
885 4302 944 4361 titi]
996 4297 1066 4365 quod
1090 4296 1205 4350 nondum
1227 4297 1263 4350 ha
1282 4305 1345 4351 eant
1368 4299 1491 4368 adipisci,
1514 4301 1564 4355 sed
1582 4304 1745 4358 consulatus
1761 4305 1807 4364 ius,

169 4360 188 4418 2
207 4361 283 4416 idern
301 4362 560 4417 munitionum.
597 4364 708 4417 (ilelram
726 4365 767 4418 rel
784 4365 872 4419 follem
890 4365 945 4419 sive
996 4363 1066 4433 quod
1090 4365 1170 4417 semel
1196 4365 1233 4418 eis
1257 4366 1434 4422 consularitas
1457 4367 1605 4431 detulerat,
1631 4371 1808 4439 processionis

133 4438 236 4497 septem
265 4429 410 4484 solidorum
433 4429 596 4485 functionem
624 4433 678 4485 sive
704 4433 850 4500 quamlibet
875 4432 944 4486 eins·
995 4431 1107 4485 iterasse
1131 4432 1260 4486 beneficio
1283 4433 1423 4487 rideantur
1448 4440 1475 4489 et
1500 4436 1528 4489 in
1552 4437 1699 4493 meranda
1720 4445 1809 4494 nostra

132 4498 205 4551 modi
224 4498 394 4551 collationem
413 4501 465 4550 tam
482 4498 553 4552 circa
570 4515 699 4567 personas
718 4515 797 4567 qaam
813 4501 884 4554 circa
901 4515 945 4554 res
995 4515 1116 4568 purpura
1133 4499 1173 4551 sel
1191 4499 1218 4551 in
1237 4501 1429 4568 consequendis
1444 4504 1550 4557 cunctis
1565 4506 1713 4561 consulum
1730 4508 1808 4561 bono

133 4566 292 4686 acpraedia
305 4565 427 4621 funditus
443 4566 564 4620 iubemus
580 4568 689 4631 aboleri,
709 4573 739 4620 ut
751 4568 836 4622 omnis
851 4567 944 4621 huius·
995 4566 1069 4621 ribus
1088 4572 1114 4618 et
1131 4566 1272 4633 privilegiis
1287 4582 1320 4620 ex
1337 4569 1472 4623 anteriore
1489 4574 1612 4639 tempore
1629 4574 1809 4641 provectionis

134 4648 177 4686 mo
197 4633 206 4685 i
224 4639 313 4702 sopita
330 4639 460 4701 perpetuo
480 4634 654 4703 conquiescat
671 4636 785 4689 exactio.
999 4639 1008 4687 1
1047 4634 1164 4687 ordinem
1179 4634 1284 4687 sibimet
1298 4636 1420 4689 noverint
1433 4637 1635 4693 uindicandum.
1662 4642 1809 4697 Hocetism

995 4699 1169 4765 observando,
1194 4706 1223 4753 ut
1245 4700 1396 4756 huiusmodi
1414 4705 1507 4758 consul
1525 4721 1577 4759 uec
1602 4710 1809 4765 certantibus

508 4775 561 4833 ΠΙ,
995 4768 1054 4821 auri
1071 4766 1281 4835 aquaeductibus
1295 4768 1374 4822 huius
1389 4771 1497 4826 inclitae
1512 4773 1630 4828 civitatis
1649 4792 1702 4844 pra
1720 4784 1810 4832 tenera

994 4834 1810 4980 {illiditillitterato-{teu

335 5007 487 5058 MILITUM
505 5008 549 5056 ΕΤ
568 5007 744 5058 PATRICHS'
994 4969 1325 5107 degupmclpump‘pgltp'tlp‘phm
1341 5040 1371 5092 Α.
1391 5036 1511 5093 Ialtanne'
1526 5059 1575 5122 pp.
1614 5043 1760 5101 Sancimus
1773 5048 1810 5100 ei.

167 5103 180 5160 1
205 5104 294 5177 lamp.
314 5105 482 5163 Theodosias
499 5112 527 5160 et
550 5106 757 5161 l'ulentinionns
774 5107 830 5161 aa.
849 5105 887 5160 nd
902 5123 943 5160 re·
993 5120 1039 5159 res
1057 5105 1177 5158 excelsos
1195 5104 1336 5171 patricios,
1361 5122 1427 5174 quas
1444 5107 1472 5160 in
1489 5108 1646 5165 huiusmodi
1671 5113 1812 5181 dIgnitatis

131 5177 225 5225 notam
243 5172 335 5227 ιινιιί5
352 5216 359 5229 .
378 5217 384 5229 .
403 5216 410 5230 .
429 5216 435 5230 .
471 5174 628 5245 Antiquitas
642 5178 773 5228 statutum
789 5178 831 5228 eet
845 5189 942 5228 consu·
994 5172 1095 5241 apicem
1112 5178 1226 5238 augusta
1244 5172 1368 5227 maiestas
1386 5174 1528 5241 rettulerit,
1545 5176 1610 5233 ilico
1629 5179 1666 5233 ab
1685 5181 1811 5251 imperia·

129 5342 160 5405 (t)
178 5342 209 5391 ad
227 5344 360 5393 acathium
383 5361 425 5409 pu.
445 5347 472 5408 1,
492 5345 620 5398 deveniam
637 5360 678 5411 pp.
701 5347 731 5409 0,
748 5344 881 5395 mansium
898 5358 940 5408 pp.
991 5343 1025 5405 (1)
1042 5340 1070 5392 Β
1088 5343 1111 5401 6,
1130 5351 1151 5403 7,
1168 5351 1195 5391 5²
1220 5342 1291 5408 state
1313 5344 1333 5403 1,
1351 5352 1418 5405 ³92²
1503 5346 1537 5407 (ὃ)
1555 5346 1628 5397 urbifl
1645 5349 1675 5413 Ῑ,
1694 5352 1810 5403 urano

130 5410 177 5461 olii
194 5411 257 5471 libri,
276 5411 307 5460 ad
325 5414 477 5463 eustathium
493 5429 535 5479 pu.
555 5415 631 5475 (ulios
648 5413 772 5478 cuspium)
782 5412 941 5463 Raerurdae:
990 5411 1025 5475 (a)
1042 5410 1144 5472 augent,
1161 5408 1221 5471 qaia
1234 5424 1259 5458 u.
1271 5424 1292 5458 o.
1308 5408 1391 5471 altius,
1409 5410 1558 5474 dignitatem
1567 5413 1707 5469 Mommsen
1744 5422 1811 5482 ittet

128 5480 278 5543 probabilem
302 5483 403 5530 nominis
425 5485 612 5535 emendationem
636 5498 774 5547 proponere
796 5496 904 5543 nequeo.-
927 5497 940 5529 e
991 5478 1057 5539 edd„
1074 5476 1149 5525 etiam
1167 5476 1227 5527 libri
1291 5476 1327 5541 (8)
1344 5480 1543 5545 rabrmiptionem
1560 5479 1613 5533 aaa
1636 5488 1768 5551 soporatio
1785 5490 1810 5537 et

128 5548 260 5612 praesectis
277 5549 335 5598 arbi
356 5551 400 5613 qni
421 5552 446 5600 in
471 5551 515 5601 lroc
534 5562 625 5616 tempas
643 5550 757 5601 incidunt
773 5547 808 5597 od
825 5546 940 5597 librorum
990 5542 1126 5595 herculano
1143 5558 1204 5595 eoas.
1222 5562 1252 5595 aa
1269 5545 1424 5597 interitione
1445 5547 1599 5616 supplem
1616 5552 1717 5605 uidetur
1737 5556 1809 5609 Caio·

128 5612 250 5665 lectionem
271 5618 382 5683 proxime
400 5620 493 5669 cecedit
510 5619 629 5671 leontiae
642 5636 686 5684 pa.
713 5614 895 5678 Oomtoatinop.
914 5630 938 5663 a.
990 5614 1043 5665 eius
1093 5611 1127 5677 (⁹)
1144 5610 1255 5663 Olim
1271 5564 1359 5681 ’19)Ρῖ
1369 5612 1432 5667 3⁶3·

127 5680 186 5736 434.
204 5684 253 5739 435
305 5686 339 5751 (a)
356 5684 402 5737 rub
420 5686 529 5739 tuitione
550 5686 665 5743 Οιιιαιιιιι
714 5682 748 5750 (ι)
765 5680 938 5752 iungebant
